3000 4500
1372 202 1817 265 -32—

525 413 782 460 numero
844 393 1081 477 figurae
1143 393 1578 460 membrorum.
1681 393 1795 461 sed
1852 392 1973 460 hac
2035 413 2278 477 quoque
2341 396 2405 461 in
2467 393 2673 478 figura

526 510 757 593 pariter
784 509 1021 592 captari
1053 508 1318 593 adparet
1347 509 1628 576 ordinem
1657 510 2025 593 parallelum
2056 516 2243 592 atque
2274 511 2667 576 contrarium.

526 625 591 690 in
634 625 836 708 priore
883 625 1046 691 enim
1093 624 1372 690 Catullus
1416 626 1685 691 scribere
1731 625 1929 708 potuit
1972 627 2091 691 sic:

580 829 582 832 ,
616 767 840 832 LXIV.
878 769 982 832 39.
1031 767 1089 832 N
1092 787 1172 831 on
1218 767 1420 832 curvis
1465 765 1713 832 humilis
1757 774 2055 851 purgatur
2098 769 2284 834 vinea
2329 769 2538 834 rastris

711 931 742 966 „
830 884 975 947 131.
1023 881 1166 948 Udo
1211 881 1536 964 frigidulos
1582 882 1886 965 singultus
1928 902 2033 949 ore
2080 882 2343 949 cientem

715 1047 746 1081 „
832 1000 980 1064 161.
1027 997 1068 1063 J
1070 997 1310 1063 ocundo
1354 997 1464 1062 tibi
1510 1017 1671 1080 quae
1717 998 2051 1064 famularer
2096 1019 2281 1065 serva
2318 1000 2534 1066 labore

715 1163 744 1196 „
828 1116 978 1179 309.
1025 1114 1110 1177 At
1154 1114 1376 1179 niveae
1423 1132 1601 1178 roseo
1647 1112 2005 1179 residebant
2048 1114 2279 1180 vertice
2325 1115 2516 1180 vittae

618 1230 844 1295 LXVI.
884 1231 986 1294 19.
1034 1228 1242 1294 Multis
1286 1227 1351 1293 id
1397 1250 1541 1295 mea
1585 1249 1685 1294 me
1732 1227 1941 1293 docuit
1984 1230 2203 1312 regina
2248 1231 2513 1313 querelis

619 1345 906 1410 LXVHI.
945 1346 1002 1409 7.
1051 1345 1234 1409 Dulci
1272 1365 1388 1411 nec
1416 1350 1697 1410 veterum
1742 1345 2104 1428 scriptorum
2152 1346 2423 1411 carmine
2453 1345 2671 1412 Musae

531 1507 597 1572 in
643 1507 838 1572 altero
883 1524 1114 1588 genere
1161 1510 1346 1587 poeta
1390 1504 1506 1570 hos
1552 1504 1800 1570 ordines
1846 1511 2097 1588 captare
2143 1507 2361 1571 noluit:

618 1657 818 1721 LXII.
854 1657 960 1721 51.
1010 1654 1139 1722 Sed
1183 1674 1377 1738 prono
1423 1661 1704 1721 tenerum
1751 1654 2089 1723 deflectens
2134 1656 2410 1740 pondere
2450 1677 2670 1741 corpus

625 1772 844 1836 LXIV.
880 1773 985 1837 89.
1033 1771 1302 1836 Eurotae
1351 1771 1569 1852 quales
1611 1772 1992 1854 progignunt
2034 1771 2289 1839 flumina
2334 1780 2571 1858 myrtus

717 1938 749 1970 ᾖ
833 1887 978 1952 125.
1026 1887 1158 1952 Imo
1206 1887 1546 1952 clarisonas
1589 1885 1823 1954 fudisse
1870 1909 1905 1954 e
1951 1894 2200 1971 pectore
2246 1909 2434 1956 voces

721 2054 749 2086 Π
831 2004 980 2068 262.
1028 2001 1154 2066 Aut
1197 2003 1398 2067 tenuis
1442 2003 1621 2068 tereti
1664 2003 1915 2068 tinnitus
1961 2024 2104 2070 aere
2151 2004 2397 2069 ciebant

721 2166 749 2202 a
832 2119 981 2182 344.
1030 2116 1184 2182 Cum
1209 2116 1450 2183 Teucro
1474 2117 1733 2202 Phrygii
1762 2119 2104 2184 manabunt
2133 2120 2436 2202 sanguine
2469 2122 2671 2205 campi

629 2232 877 2298 LXVII.
913 2233 1017 2298 33.
1065 2231 1236 2297 Molli
1280 2252 1467 2315 quam
1514 2233 1713 2299 flavus
1757 2235 2057 2317 percurrit
2101 2233 2350 2302 flumine
2394 2236 2585 2303 Mella

625 2348 909 2415 LXVIII.
948 2350 1094 2415 151.
1144 2349 1382 2415 Scabra
1424 2370 1503 2415 ne
1535 2356 1807 2416 vestrum
1851 2356 2072 2434 tangat
2114 2351 2393 2435 rubigine
2415 2373 2672 2447 nomen,

537 2494 597 2558 in
633 2494 829 2574 priore
859 2512 1092 2575 genere
1126 2490 1200 2568 Q.
1227 2491 1515 2558 Valerius
1560 2492 1829 2558 studium
1873 2493 2395 2560 hemistichiorum
2441 2514 2669 2577 aequa-

537 2610 673 2670 liter
717 2606 1243 2674 terminandorum
1288 2614 1535 2674 secutus
1574 2615 1685 2691 est,
1734 2609 1899 2692 quod
1945 2610 2008 2675 in
2055 2610 2250 2677 altero
2296 2631 2410 2676 sua
2455 2617 2671 2694 sponte

537 2726 753 2786 amisit.
824 2729 1076 2806 propter
1118 2724 1375 2788 nimiam
1415 2720 1625 2789 autem
1666 2731 1954 2806 quattuor
1996 2725 2232 2808 figurae
2261 2726 2672 2791 membrorum

537 2839 1064 2904 nsum-errationem
1111 2838 1362 2904 minime
1406 2840 1693 2904 versiculi
1739 2839 1804 2904 hi
1848 2841 2097 2922 probari
2140 2846 2453 2924 poterant:

625 2980 822 3044 LXII.
857 2982 941 3047 27
948 3029 976 3082 ..
1013 2978 1131 3057 Qui
1179 2978 1490 3064 desponsa
1536 2987 1646 3046 tua
1688 2980 1943 3047 flamma
1988 2982 2295 3048 connubia
2338 2981 2544 3050 firmes

625 3097 845 3163 LXVI.
885 3098 986 3161 13.
1035 3096 1262 3161 Dulcia
1305 3103 1643 3164 nocturnae
1689 3097 1863 3164 rixae
1907 3098 2171 3181 vestigia
2215 3104 2470 3181 portans

537 3239 761 3303 deinde
791 3239 948 3304 alias
971 3238 1202 3321 figuras
1234 3238 1598 3305 artificiosas
1619 3245 1809 3322 poeta
1831 3237 2127 3305 adhibere
2151 3240 2366 3322 potuit.
2403 3240 2674 3323 exempli

537 3375 726 3419 nausa
773 3352 912 3419 has:

1413 3498 1473 3561 A
1522 3498 1557 3563 b
1599 3496 1607 3585 Ι
1648 3500 1701 3563 Β
1747 3518 1789 3564 a

625 3639 814 3707 LXV.
851 3641 910 3705 7.
957 3638 1171 3705 Tellus
1215 3637 1494 3706 Rhoeteo
1543 3656 1729 3722 quem
1774 3639 1985 3706 subter
2027 3640 2223 3707 litore.
2273 3639 2469 3727 Troja

625 3755 912 3823 LXVIII.
947 3756 1054 3821 57.
1100 3756 1166 3821 Is
1212 3775 1502 3839 campum
1547 3755 1676 3820 lato
1721 3755 2015 3839 patefecit
2059 3756 2269 3823 limine
2316 3757 2596 3823 clausum

749 3923 778 3951 2..
910 3872 1055 3937 151.
1103 3872 1198 3939 Ne
1244 3892 1471 3938 nomen
1525 3872 1746 3938 scabra
1800 3878 2019 3955 tangat
2072 3872 2355 3956 rubigine
2401 3879 2676 3940 vestrum
