3000 4500
792 777 1293 862 Sententiae
1351 780 1995 862 controversae.

1283 991 1499 1000 ——-

501 1145 551 1207 Ι.
622 1144 736 1209 His
780 1143 932 1209 locis
976 1141 1349 1208 Pindaricis:
1396 1141 1626 1226 Pythia
1666 1141 1773 1206 VI.
1812 1142 1913 1206 13.
1946 1139 2061 1206 IX.
2096 1143 2200 1206 63.
2233 1141 2317 1205 X.
2350 1142 2458 1209 43.

320 1260 467 1324 XII.
517 1262 621 1326 26.
670 1261 910 1325 Ν611166
953 1259 1068 1323 ΙΧ.
1105 1261 1213 1324 41.
1259 1257 1521 1332 Isthmia
1564 1258 1641 1322 V.
1687 1260 1792 1323 66.
1863 1277 1974 1340 pro
2018 1256 2284 1323 Lesbiae
2330 1255 2462 1322 dia·

317 1376 463 1441 lecti
507 1375 718 1440 formis
761 1374 1031 1440 flexuras
1075 1375 1302 1439 Dorias
1345 1371 1759 1440 restituendas
1803 1393 1941 1439 esse
1988 1393 2232 1439 consec.

498 1518 582 1582 II.
632 1517 855 1582 Catuli.
899 1516 1127 1581 LXIII.
1177 1518 1280 1582 78.
1318 1518 1398 1582 79
1446 1517 1536 1581 sic
1582 1515 1729 1581 mihi
1774 1514 2021 1582 videtur
2063 1513 2456 1582 mutandum:

546 1631 853 1716 Agedum,
885 1633 1096 1714 inquit,
1129 1652 1248 1714 age
1278 1631 1452 1698 ferox
1479 1633 1521 1714 i,
1552 1631 1655 1696 sac
1684 1637 1751 1696 ut
1780 1630 1949 1714 huc,
1983 1651 2126 1714 age
2161 1631 2364 1696 66161·
2415 1634 2456 1714 ἰ,

545 1749 677 1814 Fac
722 1750 810 1813 uti
854 1748 1074 1813 furoris
1117 1748 1241 1812 ictu
1286 1746 1551 1814 reditum
1595 1748 1660 1812 in
1704 1767 1959 1812 nemora
2004 1747 2180 1812 ferat.

325 1863 529 1952 (Conf.
579 1884 738 1930 vers.
793 1865 875 1929 14
881 1912 1206 1927 .......
1240 1863 1411 1929 velut
1455 1863 1673 1928 exules
1717 1863 1857 1928 loca
1900 1900 1989 1908 —
2036 1863 2221 1928 celeri
2256 1863 2368 1938 —']

502 2008 614 2071 ΠΙ.
685 2007 762 2071 Id
815 2006 982 2089 quod
1027 2006 1265 2073 Gellius
1319 2007 1420 2087 (N.
1467 2006 1546 2070 A.
1595 2007 1735 2072 XV.
1786 2005 1899 2092 23)
1953 2007 2019 2071 in
2073 2005 2231 2071 libro
2288 2010 2460 2070 Pum-

326 2123 534 2207 philae
589 2123 880 2205 scriptum
938 2122 1126 2188 fuisse
1180 2129 1392 2188 narrat
1437 2120 1518 2187 de
1564 2122 1890 2188 Hellanico
1935 2120 2252 2188 Herodoto
2300 2122 2460 2186 ἹἾῑειιι

326 2238 549 2325 cydide
591 2239 744 2305 nihil
773 2240 984 2306 valere
1025 2246 1174 2323 puto
1215 2238 1298 2305 ad
1329 2238 1649 2305 historiam
1689 2238 2030 2306 litterarum
2060 2239 2460 2305 Graecarum.

502 2383 610 2447 IV.
658 2381 1042 2447 Lachmanni
1068 2382 1439 2447 sententiam
1462 2380 1543 2445 de
1566 2381 1934 2462 paginarum
1959 2379 2464 2447 dinumeratione.

327 2518 514 2581 quam
574 2497 771 2564 codici
816 2498 1157 2563 carminum
1203 2495 1689 2560 Catullianorum
1742 2494 2080 2579 archetypo
2125 2498 2464 2563 Veronensi

328 2614 644 2682 vindicare
690 2614 838 2696 vult,
884 2612 1131 2696 probari
1175 2631 1358 2693 posse
1405 2631 1586 2692 nego.

507 2759 583 2823 V.
654 2756 919 2822 Unicam
957 2753 1329 2841 judiciorum
1377 2751 1865 2817 distributionem
1902 2752 2045 2837 ιῇ111·6
2091 2775 2132 2819 6
2161 2758 2468 2819 nonnullis

330 2874 476 2939 artis
520 2873 762 2957 logicae
807 2872 1020 2957 peritis
1064 2870 1234 2934 illam
1279 2870 1527 2935 retineri
1572 2868 1873 2953 existimO,
1937 2890 2099 2952 quae
2143 2870 2213 2935 fit
2256 2890 2468 2935 scrun-

331 2987 481 3055 dum
525 2990 906 3056 relationem.

511 3131 619 3194 VI.
665 3130 835 3194 Inter
863 3127 1334 3211 Nibelungiadis
1370 3127 1616 3195 codices
1645 3148 1785 3195 cum
1815 3128 2219 3194 Lachmanno
2248 3148 2472 3195 censen

336 3244 824 3327 antiquissimum
886 3245 1304 3327 optimumque
1367 3263 1506 3309 esse
1562 3264 1731 3327 eum,
1797 3265 1981 3328 quem
2036 3246 2243 3328 signo,
2308 3247 2472 3327 1111611

337 3367 431 3425 est
475 3360 550 3443 A,
597 3361 897 3425 instruxit.
