3000 4500
635 306 835 370 ..0-

199 503 409 581 captarentur‚
444 519 552 583 quum,
588 500 660 582 quia
691 500 883 564 substantiva
917 504 948 564 01
979 497 1126 563 attributa
1157 496 1269 563 eadem

199 614 317 678 ratione
344 613 547 698 flecterentur,
581 614 788 679 molestiorem
821 594 991 679 earundem
1019 613 1269 685 terminationum

200 734 381 794 concentum
403 730 502 801 vitare
525 730 629 795 vellet.
676 750 863 812 quamquam
891 729 950 794 hoo
977 729 1101 793 levioris
1123 727 1270 793 momenti

199 849 256 908 est.
292 843 405 909 deinde
427 843 513 908 haud
535 846 598 909 scio
622 865 663 909 an
686 844 802 927 aliquid
826 864 974 909 caesurae
997 863 1118 926 quoque
1137 814 1329 1013 11111110οἿ

200 957 273 1022 dum
305 959 352 1023 sit.
399 965 562 1042 praeterea
596 965 630 1023 ut
664 959 757 1043 hujus
787 979 908 1041 quoque
941 960 986 1023 rei
1017 958 1076 1022 hoo
1103 958 1172 1041 jam
1201 959 1269 1022 1000
1320 1014 1323 1039 ,

198 1074 314 1138 mentio
349 1074 416 1156 liat,
451 1073 590 1138 Catullus
624 1081 786 1157 poetarum
813 1073 1094 1138 Alexandrinorum
1125 1071 1270 1154 exempla

198 1189 334 1253 imitatus
356 1189 576 1255 versiculorum
599 1189 788 1272 singulorum
817 1187 1011 1253 hemistichia
1034 1207 1127 1269 quam
1150 1187 1270 1268 aequis-

199 1305 278 1368 sima
304 1304 507 1385 componebat
536 1304 759 1387 artificiosoque
787 1304 910 1368 vinculo
941 1321 1093 1385 persaepe
1128 1301 1173 1365 ita
1199 1321 1270 1365 con·

195 1418 365 1503 jungebat,
393 1419 485 1482 utin
514 1419 575 1484 fine
602 1420 712 1502 prioris
742 1419 919 1484 attributum
947 1417 1125 1499 collocaret,
1153 1417 1186 1481 in
1209 1417 1270 1482 fine

199 1534 325 1600 alterius
348 1534 582 1601 substantivum.
619 1555 681 1616 000
703 1535 735 1598 10
758 1555 790 1598 10
815 1556 854 1599 00
877 1532 1065 1598 conferenda
1087 1538 1166 1614 sunt,
1190 1552 1270 1614 quae

198 1648 358 1731 Augustus
380 1649 525 1714 Meineke
549 1649 718 1732 disputavit
739 1650 771 1713 in
795 1648 976 1714 Callimachi
999 1647 1185 1731 Cyrenensis
1208 1646 1271 1712 edi·
1388 1723 1399 1735 f„

199 1765 281 1828 tione
304 1782 335 1845 0.
353 1764 417 1828 265
442 1770 472 1829 01
495 1763 537 1828 ad
559 1765 669 1829 Horati
692 1785 786 1829 carm.
811 1765 864 1828 IV.
890 1766 976 1846 1,1·6
1002 1761 1160 1846 (010010.
1178 1761 1270 1841 XIX)

199 1879 310 1961 quibus
339 1879 413 1943 locis
442 1878 632 1944 demonstrat
661 1879 812 1961 exemplis
838 1917 882 1924 -
905 1877 938 1942 id
961 1876 1044 1959 quod
1061 1877 1131 1960 jam
1153 1876 1271 1941 dudum

197 1994 387 2058 intellectum
404 2013 472 2058 esse
490 1993 620 2059 111011-
637 1995 715 2058 0110
729 1994 868 2059 versibus
888 1992 1088 2076 pentametris
1109 1991 1271 2075 dactylicis

200 2115 231 2174 ot
253 2110 285 2172 in
307 2108 447 2174 versibus
470 2107 685 2191 Asclepiadeis
708 2110 897 2192 singulorum
919 2109 1138 2173 versiculorum
1166 2113 1271 2190 partes

201 2225 245 2290 ita
272 2224 442 2307 aequaliter
465 2245 484 2289 a
507 2225 605 2307 poetis
634 2226 820 2308 compositas
848 2245 931 2308 esse,
960 2231 994 2290 ut
1021 2224 1152 2289 alterum
1174 2222 1270 2288 herni-

201 2339 343 2404 stichium
363 2339 527 2423 adjectivo,
550 2341 680 2406 alterum
696 2341 888 2405 substantivo
904 2340 1091 2405 terminetur.
1116 2338 1172 2404 sed
1188 2338 1272 2421 quod

201 2455 240 2519 de
263 2455 323 2519 illis
345 2460 464 2517 tanturn
488 2453 606 2519 duobus
629 2455 795 2537 generibus
818 2455 951 2519 metricis
975 2454 1089 2518 dictum
1109 2460 1164 2536 001,
1187 2452 1272 2518 idem

200 2570 306 2635 valere
341 2569 381 2634 de
414 2570 556 2636 versibus
590 2590 711 2653 quoque
746 2570 934 2636 hexametris
969 2569 1130 2653 dactylicis
1161 2568 1273 2633 Catulli
1311 2610 1313 2613 ⁴

199 2684 337 2749 libellum
365 2685 471 2767 paullo
498 2690 617 2749 tantum
645 2684 822 2750 adcuratius
849 2685 909 2750 hac
936 2685 970 2750 in
996 2705 1030 2750 re
1059 2685 1273 2749 examinantes
1306 2671 1310 2758 ξ

199 2798 291 2864 facile
319 2799 501 2882 intellegere
529 2819 701 2883 possumus.
748 2820 829 2883 quae
861 2800 965 2863 omnia
991 2799 1081 2864 nohis
1108 2799 1141 2862 10
1169 2778 1305 2881 (100οΫ

199 2895 315 2978 tatione
337 2919 443 2979 nostra
466 2914 660 2997 respicienda
683 2921 786 2997 erunt,
815 2935 908 2997 quum
935 2914 1095 2997 permultis
1117 2914 1272 2995 variisque

200 3029 302 3093 causis
325 3030 489 3094 verborum
513 3031 609 3095 series
632 3037 767 3112 regatur.
807 3029 864 3095 sed
886 3029 982 3094 nihilo
1004 3029 1105 3094 minus
1128 3028 1273 3110 exempla

199 3142 424 3225 relinquuntur,
451 3144 615 3226 inquibus
639 3145 835 3208 artificiosam
858 3145 1091 3209 collocationem
1115 3148 1272 3224 captatam

200 3277 270 3322 esse
285 3257 428 3323 videmus
450 3278 512 3322 non
535 3259 574 3324 oh
597 3259 692 3323 aliam
714 3278 780 3324 rem
803 3258 860 3324 sed
883 3259 931 3324 sui
953 3259 1049 3341 ipsius
1071 3276 1176 3322 causa.
1216 3258 1272 3322 ita-

201 3392 261 3454 que
277 3372 412 3437 studium
428 3372 541 3437 Catulli
563 3373 622 3437 huo
645 3374 677 3438 in
700 3395 734 3439 re
758 3373 956 3438 statuendum
977 3394 1045 3438 0000
1061 3357 1272 3439 manifestissi-

200 3508 284 3552 mum
313 3494 369 3553 est.
407 3495 562 3570 postremo
586 3489 660 3553 mihi
683 3510 745 3555 non
769 3489 906 3553 alienum
928 3489 1050 3555 videtur
1073 3511 1093 3553 a
1115 3491 1272 3572 proposito

199 3609 301 3667 nostro
324 3622 427 3685 pauca
449 3604 626 3669 submittere
651 3604 691 3669 de
714 3605 906 3686 singularum
928 3604 1096 3686 figurarum
1111 3607 1272 3689 exemplis,

199 3737 279 3799 0000
302 3718 334 3782 10
356 3718 479 3784 Lucreti
503 3717 542 3782 de
567 3739 668 3783 rerum
691 3724 803 3782 natura
825 3719 902 3783 libro
925 3720 1024 3801 prirno
1048 3726 1080 3785 et
1102 3720 1134 3783 in
1154 3722 1272 3804 Vergili

199 3833 374 3915 Georgicon
408 3834 485 3898 libro
520 3834 617 3916 primo
651 3834 857 3899 inveniuntur.
911 3834 993 3900 unde
1028 3837 1061 3900 in
1094 3836 1271 3901 universum

198 3966 385 4029 cognoscere
416 3949 598 4031 poterimus,
619 3961 726 4030 ‘quam
757 3950 956 4032 qualemque,
992 3950 1075 4033 quod
1109 3950 1151 4016 ad
1182 3971 1272 4016 usum

198 4063 382 4130 artificiosae
405 4064 615 4147 naturalisque
638 4064 848 4132 collocationis
875 4071 930 4131 aut
956 4062 1200 4151 frequentiorem
1217 4074 1272 4136 aut

1318 1940 1359 1993 s*
