3000 4500
590 338 813 403 ..33-

609 554 630 598 a
651 534 678 605 Β
724 533 743 598 b
768 532 797 597 Α

210 648 324 713 LXIV.
342 649 395 713 27.
418 649 491 731 Ipse
513 667 586 714 suos
608 530 730 732 genitbr
754 647 859 715 divom
881 647 1034 716 concessit
1056 668 1178 719 amores

259 811 275 847 „
314 765 391 829 210.
415 763 543 829 Aer-ium
565 765 678 829 montis
700 765 784 830 nivei
805 765 924 846 liquere
947 784 1098 832 cacumen

258 927 275 963 a
316 880 390 944 262.
414 878 478 942 Aut
500 880 589 944 tereti
611 879 739 945 tinnitus
762 880 864 945 tenuis
888 900 960 945 aere
984 880 1108 945 ciebant
1236 908 1247 927 ³

209 993 355 1058 LXVIII.
375 994 448 1059 123.
471 994 573 1079 Impia
596 995 720 1077 gentilis
744 995 839 1061 derisi
860 995 978 1078 gaudia
1001 995 1114 1062 tollens

611 1157 631 1203 a
653 1136 679 1199 B
725 1137 754 1202 Α
778 1137 797 1201 b

210 1252 354 1318 LXVIII.
372 1254 424 1319 67.
449 1252 481 1319 Is
503 1253 567 1317 lato
591 1133 735 1337 oamper
759 1252 907 1336 patefecit
928 1254 1034 1320 limine
1058 1253 1198 1318 clausum

275 1416 290 1452 „
334 1370 407 1433 151.
432 1368 480 1434 Ne
503 1368 614 1434 scabra
636 1388 750 1434 nomen
773 1375 884 1452 tangat
906 1368 1046 1451 rubIgine
1069 1374 1206 1435 vestrum

165 1516 333 1595 postquam
356 1509 397 1577 de
420 1509 541 1576 duobus
563 1510 656 1595 hujus
679 1531 802 1594 quoque
824 1512 957 1594 figurae,
986 1511 1075 1596 cujus
1102 1511 1242 1606 membra

167 1626 275 1693 ordine
298 1626 451 1691 contrario
474 1627 576 1709 posita
596 1633 676 1710 sunt,
699 1626 865 1710 generibus
875 1627 945 1712 jam
960 1627 1036 1692 satis
1052 1626 1242 1710 disputatum

169 1747 228 1824 est,
261 1741 313 1813 hic
345 1760 468 1823 quoque
503 1748 601 1807 restat
628 1742 769 1824 quaestio
799 1748 900 1809 utrum
914 1742 1067 1807 *Catullus
1098 1741 1242 1807 libentius

167 1856 351 1929 adhibuerit.
387 1876 449 1939 quo
463 1855 556 1922 modo
579 1877 629 1923 res
651 1877 684 1924 se
705 1856 830 1940 habeat,
853 1858 946 1923 facilc
969 1857 1107 1940 intellegi
1129 1861 1241 1939 potest.

165 1992 241 2036 nam
264 1971 297 2037 in
319 1973 421 2055 priore
443 1972 488 2038 sic
511 1992 642 2041 caesura
664 1973 810 2039 collocari
831 1979 967 2055 poterat:

211 2113 311 2178 LXII.
331 2116 384 2180 46.
410 2113 537 2179 Castum
559 2114 676 2196 polluto
699 2133 770 2180 cum
793 2115 896 2180 amisit
918 2134 1045 2198 corpore
1068 2114 1176 2182 florem

212 2229 325 2297 LXIV.
344 2230 418 2295 154.
443 2228 586 2308 Quanam
610 2229 667 2296 sub
689 2229 758 2296 sola
779 2231 887 2314 genuit
908 2237 939 2297 te
963 2251 1039 2314 rupe
1062 2231 1174 2322 leaena

264 2393 279 2430 „
344 2348 419 2411 239.
443 2347 557 2411 Pulsae
580 2352 741 2412 ventorum
768 2365 825 2412 seu
850 2346 976 2411 flamine
998 2345 1123 2412 Thesea
1144 2346 1244 2414 nubes

215 2461 344 2527 LXVII.
363 2464 415 2527 29.
439 2462 609 2545 Egregium
631 2462 710 2526 mira
731 2481 841 2527 narras
864 2462 979 2544 pietate
1002 2469 1163 2545 parentem

171 2604 204 2670 in
226 2606 323 2672 altero
346 2626 462 2688 genere
484 2604 535 2670 hic
558 2625 709 2671 caesurae
730 2605 817 2671 loeus
839 2605 1020 2687 repudiatus
1043 2612 1103 2672 est:

215 2748 328 2813 LXIV.
346 2750 398 2813 89.
424 2746 540 2856 Quales
562 2747 752 2830 progignunt
774 2747 908 2812 Eurotae
931 2747 1060 2813 flumina
1081 2753 1201 2831 myrtus

264 2914 279 2949 „
321 2866 396 2929 321.
421 2864 512 2929 Talia
535 2862 681 2929 fuderunt
703 2862 808 2929 dlvino
832 2863 967 2929 carmine
990 2863 1056 2928 fata

216 2979 361 3044 LXVIII.
381 2980 455 3044 151.
479 2980 528 3046 Ne
543 2983 680 3045 vestrum
702 2984 813 3061 tangat
834 2978 946 3044 scabra
968 2979 1109 3062 rubigine
1131 3000 1245 3046 nomen

169 3121 305 3204 denique
336 3122 420 3204 quod
448 3123 557 3188 attinet
586 3121 628 3187 ad
656 3121 791 3203 reliquas
819 3121 949 3205 figuras,
978 3122 1087 3204 quibus
1114 3142 1245 3189 caesura

168 3237 294 3321 ponitur
321 3244 391 3321 post
418 3237 513 3304 alium
541 3237 726 3321 membrum,
755 3237 787 3301 in
814 3237 915 3320 priore
944 3237 1083 3303 (11111111
1110 3238 1244 3304 scribere

168 3353 284 3437 potuit:

215 3486 316 3551 LXII.
332 3489 386 3553 46.
410 3488 532 3553 Polluto
555 3494 675 3554 eastum
697 3507 766 3554 cum
791 3488 893 3554 amisit
915 3507 1042 3571 corpore
1066 3485 1172 3553 florem

216 3601 329 3669 LXIV.
347 3606 422 3670 239.
447 3604 617 3670 Ventorum
639 3605 748 3688 pulsae
771 3625 827 3671 seu
850 3604 975 3670 flamine
998 3604 1124 3671 Thesea
1146 3602 1245 3669 nubes

165 3736 204 3803 in
226 3736 324 3803 altero
346 3736 412 3804 fieri
439 3738 538 3821 potuit
559 3744 594 3801 ut
615 3737 695 3804 haec
717 3738 818 3821 figura
840 3744 1030 3821 captaretur:

215 3870 329 3937 LXIV.
347 3873 422 3938 314.
447 3871 601 3937 Versabat
623 3872 713 3938 tereti
735 3872 881 3937 libratum
902 3872 1023 3938 turbine
1046 3873 1145 3939 sursum

215 3985 360 4053 LXVIII.
380 3987 454 4053 151.
478 3987 526 4053 Ne
549 3986 661 4052 scabra
682 3992 792 4070 tangat
814 3993 950 4053 vestrum
972 3988 1113 4071 rubigine
1132 4006 1245 4053 nomen

166 4119 229 4188 sed
252 4125 371 4187 tantum
394 4119 483 4186 abest
505 4125 539 4184 ut
560 4118 619 4186 hoe
641 4119 784 4187 variandi
807 4120 968 4189 artificium
996 4119 1153 4191 adfinem
1177 4140 1245 4204 per-

1065 4232 1083 4287 3
