3000 4500
575 224 799 289 ..49-

151 424 289 493 studium
315 422 536 507 particularum
564 439 711 487 uersuum
739 416 1035 499 connectendam,
1069 417 1118 482 cui
1145 414 1224 481 haec

24 528 26 585 ἶ
152 560 275 624 quoque
290 539 390 622 figura
405 539 519 622 optime
535 536 629 620 fauet,
652 534 792 618 intellegi
814 539 924 618 potest,
948 532 1032 617 quod
1053 532 1086 597 hi
1101 529 1225 598 ordines

106 733 109 737 .
152 655 308 739 repudiati
330 660 415 720 sunt:

199 790 327 855 LXVII.
345 791 375 853 6.
400 789 545 854 Porrecto
568 792 732 871 postquam
756 805 790 852 es
812 786 896 851 facta
919 784 1030 850 marita
1052 804 1126 850 sene

199 906 342 971 LXVIII.
362 907 435 970 140.
460 904 615 970 Omnivcli
637 922 769 968 noscens
791 902 924 985 plurima
946 901 1028 966 furta
1049 899 1138 965 ,lovis

199 1021 416 1086 XXXXXIX.
437 1022 488 1084 10.
512 1018 701 1085 Commictae
716 1023 866 1101 tanquam
880 1037 993 1100 spurca
1007 1015 1108 1081 saliva
1122 1016 1225 1098 lupae.

245 1160 359 1229 deinde

371 1359 401 1423 2.
435 1377 595 1424 caesura
616 1359 655 1423 in
677 1356 800 1423 medio
824 1356 1016 1422 collocata

600 1525 620 1564 a
641 1502 658 1565 i
679 1496 684 1587 Ι
703 1501 735 1564 Β
758 1500 789 1563 Α

157 1637 190 1701 hi
212 1635 355 1702 versiculi
379 1635 539 1718 compositi
562 1640 645 1701 sunt:

264 1769 349 1822 LXV.
369 1772 393 1824 6.
416 1767 578 1823 Pallidulum
597 1784 712 1852 mauans
732 1769 820 1825 adluit
837 1769 913 1823 unda
931 1767 1037 1836 pedem.
1067 1766 1167 1822 LXVI.
1186 1767 1230 1822 62.

318 1858 432 1912 LXVII.
460 1860 503 1912 26.
532 1858 576 1912 48.
614 1859 741 1913 LXVIII
770 1860 814 1915 44.
842 1859 903 1914 142.
931 1859 991 1913 144.
1029 1857 1157 1913 LXXVI.
1188 1858 1230 1911 18.

187 1994 191 2001 .
321 1946 526 2002 LXXXVII.

24 2058 25 2065 '
158 2063 298 2128 ordinem
321 2061 494 2126 naturalem
517 2060 600 2125 hunc
623 2061 763 2127 Catullus
786 2061 962 2145 repudiavit

205 2205 333 2270 LXVII.
352 2205 404 2270 26.
429 2203 493 2270 Seu
515 2203 598 2287 quod
621 2209 689 2270 erat
711 2203 808 2271 sterili
830 2204 948 2270 semine
970 2208 1062 2269 natus
1084 2202 1166 2269 iners

24 2331 26 2404 l
162 2349 256 2413 aliam
279 2348 410 2431 figuram
433 2346 629 2414 artificiosam
651 2347 712 2412 hac
734 2348 854 2413 ratione
877 2347 1000 2413 efficere
1023 2347 1131 2412 noluit:

604 2490 633 2554 A
655 2490 676 2555 b
721 2491 748 2554 Β
772 2512 792 2556 a

208 2605 384 2674 LXXXVI.
401 2609 432 2671 4.
457 2605 539 2671 Mica
562 2605 595 2670 in
617 2611 683 2670 tam
696 2488 820 2690 ¹magno
840 2613 888 2673 est
903 2627 1030 2690 corpore
1052 2607 1138 2671 nulla
1160 2605 1235 2671 salis

24 2737 25 2744 ¹
163 2749 238 2832 quid
267 2769 341 2816 vero
370 2749 489 2815 intersit
515 2751 595 2814 inter
622 2748 764 2814 ordinem
790 2748 975 2832 parallelum
1001 2749 1140 2831 interque
1164 2768 1235 2813 con-

163 2865 290 2930 trarium
312 2865 385 2931 inde
407 2865 605 2931 manifestum
628 2870 674 2931 cst
696 2863 780 2948 quod
802 2865 834 2930 in
856 2865 959 2948 priore
981 2866 1032 2931 hic
1055 2867 1181 2931 vitatur:

210 3007 354 3073 LXVIII.
374 3008 425 3072 70.
449 3006 535 3072 Molli
558 3027 618 3091 quo
640 3027 713 3072 mea
735 3027 769 3073 se
793 3007 928 3073 candida
951 3007 1026 3074 diva
1047 3007 1129 3091 pede

211 3123 292 3188 clx.
310 3127 340 3189 6.
364 3124 433 3188 Hoc
455 3129 582 3190 sanctae
605 3130 766 3190 aeternum
789 3123 899 3191 foedus
922 3125 1076 3190 amicitiae

167 3265 218 3330 cui
239 3264 408 3347 respondet
430 3263 513 3348 quod
535 3265 568 3330 in
591 3265 688 3332 altero
711 3266 764 3332 illc
787 3266 846 3333 hoc
862 3266 955 3332 modo
970 3265 1111 3333 adhiberi
1126 3266 1238 3350 potuit:

210 3406 323 3472 LXVI.
341 3410 394 3472 62.
419 3407 510 3473 Flavi
533 3408 665 3474 devotae
689 3408 813 3475 verticis
836 3409 968 3474 exuviae

211 3520 342 3587 LXVII.
359 3523 413 3587 48.
437 3522 583 3588 Mendaci
605 3522 719 3589 falsum
741 3530 850 3589 ventre
872 3524 1069 3607 puerperium

210 3636 356 3704 LXXVI.
377 3640 428 3703 18.
451 3637 527 3721 Ipsa
545 3637 614 3724 jam
638 3646 809 3708 extremam
831 3645 928 3706 morte
951 3641 1062 3711 tulistis
1084 3660 1175 3724 opem

167 3781 200 3845 in
222 3781 323 3863 priore
345 3801 461 3864 genere
484 3786 577 3863 poeta
600 3780 735 3848 studium
761 3781 1023 3849 hemistichiorum
1050 3782 1241 3869 conjungen-

70 3937 75 3945 ·
168 3895 279 3961 dorum
306 3902 430 3964 secutus
457 3902 517 3983 est,
550 3896 633 3980 quod
659 3897 692 3962 in
720 3897 819 3966 altero
842 3917 900 3964 sua
921 3903 1031 3981 sponte
1054 3897 1164 3963 omisit.
1210 3902 1242 3964 et

167 4010 248 4079 haec
270 4010 396 4095 quidem
418 4013 578 4080 hactenus.
626 4011 752 4081 alterius
775 4018 881 4104 autom
904 4013 1021 4098 classis,
1043 4014 1077 4079 in
1100 4033 1162 4096 qua

1064 4122 1082 4179 4
