3000 4500
602 180 823 245 ..53-

176 374 316 441 Catullus
339 374 459 441 duobus
482 376 681 442 substantivis
704 376 849 441 attributa
871 377 995 459 singula
1010 376 1178 460 conjunxit.
1213 374 1245 441 in

176 493 301 575 reliquis
331 513 406 558 vero
437 492 530 578 hujus
561 499 673 577 poetae
707 495 812 559 matris
846 512 991 558 numerus
1024 493 1245 576 exemplorum,

176 629 257 691 quae
286 607 328 674 ad
350 609 563 691 quaestionem
591 615 727 675 nostram
755 615 910 692 spactant,
937 609 1037 673 mium
1063 615 1123 691 ost,
1153 629 1247 691 quam

177 745 239 807 quo
261 723 336 807 quid
359 724 543 790 oonoludore
566 726 729 807 possimus.
762 726 855 791 finem
870 725 963 809 igitur
977 725 1129 790 satiamus
1143 723 1247 807 dispu-

175 842 300 907 tationis
322 846 454 924 nostras,
478 847 640 925 postquam
656 861 764 907 versus
783 841 865 906 solos
879 841 1171 923 onumeravon'mus,
1194 840 1248 922 qui

177 956 219 1022 ad
247 977 387 1022 normam
415 956 610 1022 aitifioiosam
640 963 694 1023 aut
720 958 894 1023 naturalem
923 957 1023 1023 oxaoti
1051 962 1130 1022 sunt.
1177 960 1248 1021 sunt

177 1093 252 1140 vero
274 1072 319 1138 hi:

223 1234 261 1298 A.
284 1235 452 1300 naturali
474 1234 606 1302 ordine
629 1237 830 1320 compositi

339 1369 363 1433 I.
381 1372 412 1435 6.
435 1369 491 1433 III.
511 1371 561 1434 17.
586 1370 640 1434 IV.
658 1372 710 1436 22.
726 1371 796 1436 VII.
811 1372 841 1435 3.
855 1373 886 1435 6.
908 1371 949 1434 X.
969 1373 998 1435 1.
1019 1370 1092 1433 XII.
1108 1371 1136 1433 1.
1161 1369 1247 1434 XIV.

341 1490 370 1552 2.
398 1488 449 1551 12.
480 1487 550 1551 XV.
577 1488 628 1552 18.
661 1487 763 1553 XVII.
789 1489 818 1552 8.
844 1489 896 1552 25.
923 1489 975 1552 26.
1011 1486 1113 1551 XXV.
1140 1487 1168 1549 1.
1196 1486 1247 1549 13.

338 1602 443 1667 XXX.
463 1605 514 1667 11.
538 1602 691 1668 XXXIX.
711 1606 762 1669 16.
786 1603 953 1668 XXXXV.
978 1604 1029 1667 11.
1047 1604 1099 1667 23.
1122 1602 1191 1665 LX.
1215 1602 1246 1664 4.

338 1719 453 1784 LXIII.
478 1722 508 1785 2.
534 1722 564 1786 8.
591 1718 642 1785 13.
666 1721 717 1785 15.
740 1722 794 1786 22.
817 1722 868 1784 24.
891 1722 943 1787 38.
967 1721 1019 1785 39.
1041 1720 1095 1783 41.
1117 1719 1170 1783 44.
1192 1717 1246 1782 45.

338 1838 392 1902 48.
417 1838 469 1901 57.
495 1838 547 1901 66.
574 1838 625 1900 74.
652 1837 702 1901 75.
730 1837 781 1901 76.
807 1838 860 1901 88.
884 1838 937 1901 89.

223 1979 259 2042 Β.
284 1978 331 2045 ad
354 1978 649 2044 collocationem
672 1978 925 2043 artificiosam
948 1976 1100 2042 formati

339 2114 380 2177 X.
410 2115 463 2178 22.
509 2112 595 2177 XIV.
625 2115 654 2179 6.
701 2113 803 2178 XVII.
835 2115 865 2177 3.
895 2114 925 2177 5.
958 2113 1246 2177 13141519.

281 2265 286 2288 1
338 2229 440 2294 XXV.
465 2231 495 2294 4.
525 2229 658 2296 XXVII.
686 2232 714 2294 1.
743 2228 909 2293 XXXVII.
936 2231 965 2293 2.
992 2229 1044 2294 20.
1077 2227 1246 2292 ΧΧΧΧΠ.

339 2349 369 2412 3.
393 2348 445 2412 21.
470 2346 651 2411 XXXXVI.
675 2349 704 2411 8.
728 2345 844 2408 LXIII.
871 2347 899 2408 1.
925 2346 955 2410 5.
983 2346 1012 2408 7.
1038 2346 1089 2408 10.
1117 2345 1168 2407 14.
1195 2345 1246 2407 18.

338 2466 390 2529 30.
417 2466 469 2529 32.
495 2465 547 2529 33.
573 2464 625 2527 34.
651 2463 703 2528 37.
728 2463 782 2525 42.
806 2462 859 2525 43.
885 2462 938 2525 58.
961 2463 1013 2526 67.
1039 2461 1090 2524 70.
1115 2461 1168 2525 82.
1194 2461 1246 2525 83.

338 2581 391 2646 87.
416 2581 469 2644 92.

178 2730 314 2790 uotorum
337 2723 486 2790 aOatulli
509 2722 690 2805 aequalibus
712 2740 834 2805 quoque
858 2727 889 2787 et
911 2719 1080 2786 studiorum
1104 2721 1249 2785 55115016-

177 2841 234 2906 bus
262 2840 347 2906 haud
375 2861 444 2905 raro
471 2840 639 2906 voisioqus
668 2840 711 2903 ita
739 2837 924 2919 compositos
951 2856 1034 2917 esso,
1068 2841 1101 2900 ut
1129 2835 1249 2901 duobus

177 2958 375 3022 substantivis
397 2963 452 3022 aut
474 2957 638 3023 artificioso
661 2961 716 3019 aut
737 2954 871 3018 naturali
894 2952 1000 3018 ordine
1024 2953 1148 3034 singula
1165 2953 1249 3016 attri-

177 3072 252 3136 buta
267 3070 500 3155 conjungantur,
525 3092 565 3136 ox
588 3071 636 3135 his
651 3076 738 3152 patet
754 3070 913 3152 exemplis
937 3088 1018 3150 quae
1041 3088 1117 3151 prae
1141 3069 1249 3150 paucis

176 3188 298 3253 illorum
319 3186 501 3268 fragmentis
524 3191 573 3250 sat
594 3186 692 3250 multa
714 3192 798 3251 sunt:

221 3346 259 3410 A.
293 3345 481 3412 naturalis
504 3346 771 3412 oollooationis

337 3479 472 3545 Laevius
500 3480 610 3563 fragm.
638 3483 689 3547 12.
730 3479 845 3546 Calvus
873 3481 983 3564 fragm
1009 3484 1039 3545 0.
1082 3479 1249 3546 Bibas-ulus

336 3595 415 3678 frag.
443 3597 471 3659 1.
507 3595 630 3661 Matius.
654 3596 733 3678 frag.
761 3598 789 3660 7.

218 3730 255 3793 Β.
280 3729 431 3813 figurae
454 3728 696 3795 artificiosae

334 3864 470 3929 Laevius
498 3863 609 3946 fragm.
634 3864 686 3927 37.
727 3861 844 3927 Calvus
871 3862 951 3945 frag.
979 3863 1029 3926 10.
1057 3864 1108 3926 11.
1148 3862 1248 3929 Cinna

335 3978 412 4060 frag.
433 3980 461 4043 1.
479 3980 510 4044 2.
528 3981 557 4044 3.
575 3979 605 4042 9.
627 3979 676 4043 11.
700 3977 814 4044 Matius
834 3977 913 4066 frag.
934 3980 966 4049 4.
990 3976 1100 4045 Ticida
1120 3978 1197 4065 frug.
1218 3982 1246 4045 1.
