3000 4500
690 191 892 255 -4-

254 402 295 449 ex
316 360 376 448 illis
399 383 564 466 exemplis,
593 383 703 465 quibus
725 383 924 451 manifestum
946 384 1009 466 fiat,
1033 403 1169 465 quanam
1190 383 1325 448 vocabu-

252 497 353 562 lorum
382 496 631 563 collocandorum
663 503 730 564 arte
760 502 854 581 poeta
881 498 1068 564 Veronensis
1103 517 1178 562 usus
1210 498 1263 581 sit,
1297 497 1326 563 si

254 611 366 679 eodem
388 614 420 679 in
443 613 595 678 versiculo
617 613 697 678 binis
718 612 934 696 substantivis,
962 632 1042 695 quae
1069 612 1149 676 inter
1170 632 1239 678 sese
1261 632 1324 677 non

253 727 451 812 respondent,
474 729 596 812 singula
619 729 767 793 attributa
788 729 1025 813 conjungumtur.
1070 728 1126 792 tali
1148 729 1230 793 enim
1252 747 1323 793 con-

253 842 375 909 dicione
398 849 541 926 quattuor
562 843 620 908 has
643 844 784 909 notiones
810 843 1009 908 manifestum
1036 850 1083 908 est
1112 842 1204 908 sedes
1231 862 1322 926 posse

253 977 405 1041 occupare
435 957 605 1023 rationibus
635 958 860 1024 diversissimis.
907 978 969 1040 qua
1002 958 1034 1022 in
1067 979 1101 1023 re
1136 978 1322 1040 quamquam

252 1078 362 1155 poetas
376 1073 513 1136 maxima
528 1072 685 1155 elegantia
705 1078 737 1138 et
751 1078 913 1138 venustate
937 1093 1009 1137 usos
1031 1093 1100 1138 esse
1119 1073 1188 1157 jam
1202 1072 1321 1155 pridem

252 1187 441 1253 intellectum
463 1194 518 1270 est,
542 1193 648 1253 tamen
670 1188 768 1254 semel
791 1194 910 1252 tantum
933 1194 965 1252 ct
987 1189 1091 1270 aliqua
1114 1210 1154 1252 ex
1170 1195 1259 1270 parte
1281 1187 1321 1254 de

251 1301 311 1368 boc
334 1303 542 1368 collocationis
564 1303 730 1368 verborum
751 1323 868 1385 genere
896 1302 1018 1384 longius
1041 1303 1230 1386 disputatum
1253 1323 1320 1368 esse

253 1417 389 1483 videos
412 1416 582 1482 Gualtbero
606 1416 802 1500 Gebhardio,
834 1418 886 1500 qui
912 1419 1032 1501 scripsit
1058 1418 1098 1484 de
1125 1438 1224 1484 nexus
1251 1418 1321 1482 arti-

251 1532 349 1597 ficiosi
370 1531 631 1598 substantivorum
649 1538 681 1597 et
696 1532 910 1598 attributorum
924 1534 957 1598 in
972 1534 1161 1621 hexametris
1175 1534 1322 1616 elegiacis

250 1646 377 1728 libulli,
412 1647 565 1729 Properti,
599 1646 692 1712 Ovidi
725 1666 784 1712 usu
818 1668 855 1712 ac
889 1650 1021 1730 ratione,
1060 1649 1235 1731 Regimonti
1267 1650 1317 1713 Pr.

249 1758 491 1826 nfflcocnxx.
516 1760 600 1843 quod
623 1781 716 1844 quum
744 1762 789 1826 ita
816 1781 885 1827 sese
908 1762 1037 1844 habeat,
1067 1764 1199 1845 reliquas
1227 1784 1320 1846 quae-

249 1877 374 1957 stiones,
398 1895 479 1958 quae
502 1874 544 1940 ad
565 1881 665 1941 artem
688 1876 720 1941 in
735 1877 924 1943 collocandis
940 1877 1098 1943 vocabulis
1114 1877 1320 1944 Catullianam

248 1991 412 2075 pertinent,
433 1991 511 2074 aliis,
530 1992 581 2073 qui
597 1990 637 2056 de
653 1991 714 2057 hac
728 2013 763 2058 re
778 1994 836 2057 sibi
850 1992 1065 2076 inquirendum
1082 2014 1150 2059 esse
1166 1994 1320 2060 existima-

248 2107 333 2189 bunt,
349 2105 561 2188 permittentes
572 2104 654 2171 hanc
666 2126 761 2171 unam
775 2108 881 2190 paullo
897 2106 1074 2172 adcuratius
1088 2127 1318 2190 persequamur,

248 2227 282 2287 ut
309 2220 500 2305 disputemus
528 2220 569 2288 de
596 2222 642 2288 eis
669 2222 824 2306 versibus,
859 2223 911 2305 qui
937 2224 970 2288 in
993 2223 1106 2288 Oatulh
1134 2224 1319 2291 carminibus

248 2337 400 2420 praebent
421 2338 496 2401 bina
518 2338 711 2403 substantiva
734 2358 804 2403 cum
827 2338 955 2421 singulis
975 2338 1126 2403 attributis
1142 2338 1317 2423 conjuncta.

338 2451 408 2529 Qua
434 2453 467 2516 in
490 2473 523 2518 re
545 2453 678 2536 primurn
702 2453 827 2535 quidem
849 2474 911 2518 non
933 2453 1240 2535 praetermittendum
1262 2460 1317 2536 est,

250 2567 339 2652 cujus
365 2566 450 2633 modi
478 2567 539 2632 sint
566 2568 724 2651 versiculi,
757 2568 867 2651 quibus
895 2588 968 2633 usus
996 2574 1138 2650 quattuor
1165 2568 1317 2634 voeabula

247 2681 316 2765 illa,
350 2701 445 2765 quern
475 2682 622 2768 diximus,
656 2681 838 2748 condicione
872 2689 966 2764 poeta
998 2689 1103 2748 noster
1136 2690 1318 2749 connectere

248 2798 393 2880 voluerit,
425 2795 482 2862 sed
509 2796 729 2879 distinguenda
757 2817 827 2863 esse
855 2817 967 2863 censeo
994 2804 1162 2864 metrorum
1189 2819 1316 2882 genera.

248 2932 349 2996 neque
373 2911 413 2978 de
436 2912 577 2977 omnibus
594 2913 699 2978 metris
714 2912 893 2978 adcuratius
908 2913 1076 2997 loquemur,
1100 2914 1157 2980 sed
1180 2914 1318 2981 dicemus

249 3026 289 3093 de
318 3027 457 3092 versibus
489 3032 609 3092 tantum
636 3027 824 3094 hexametris
853 3035 884 3114 et
913 3028 1074 3112 dactylicis
1102 3036 1134 3094 et
1161 3029 1317 3114 elegiacis.

249 3135 349 3224 quod'
360 3142 402 3207 ad
429 3143 563 3224 reliquos
590 3144 711 3225 attinet,
745 3144 903 3226 exempla,
940 3164 1021 3225 quae
1053 3145 1086 3209 in
1115 3144 1175 3209 illis
1203 3151 1318 3228 extant,

249 3257 387 3346 attulisse
403 3258 478 3321 satis
494 3255 578 3322 duxi.
613 3258 794 3341 priusquam
816 3264 920 3323 autem
942 3278 1008 3323 rem
1029 3259 1131 3341 ipsam
1155 3260 1319 3342 adgredia-

248 3391 330 3455 mur,
359 3370 525 3438 dicendum
553 3392 621 3438 esse
650 3373 807 3454 existimo,
836 3392 896 3454 quo
918 3371 1012 3439 modo
1041 3374 1081 3440 de
1103 3396 1137 3441 re
1160 3375 1319 3466 proposita

249 3485 406 3569 disputare
421 3488 524 3553 velim.
560 3487 823 3571 breviloquentiae
847 3488 930 3553 enim
953 3509 1050 3556 causa
1072 3489 1264 3556 substantiva
1287 3494 1319 3554 et

248 3602 395 3668 attributa
421 3603 528 3668 litteris
550 3603 595 3668 ita
617 3602 811 3685 significabo,
841 3609 875 3668 ut
903 3605 988 3688 prius
1018 3604 1243 3671 substantivum
1272 3605 1319 3669 lit·

247 3718 367 3802 terail,
391 3719 570 3783 attributum
591 3719 676 3801 prius
698 3718 802 3783 littera
824 3741 852 3802 a,
880 3720 1011 3786 alterurn
1034 3720 1259 3786 substantivum
1280 3721 1318 3805 B,

248 3833 426 3898 attributum
454 3833 586 3899 alterum
613 3833 633 3897 b
661 3834 809 3918 signetur.
856 3855 918 3918 qua
939 3834 1033 3900 venia
1055 3854 1205 3902 concessa
1226 3836 1318 3902 facile

247 3947 402 4031 intellegis
418 3948 581 4014 duodecim
600 3949 770 4032 figurarum
788 3949 949 4017 schemata
963 3950 1044 4017 effici
1059 3970 1160 4034 posse.
1189 3973 1319 4036 quorum
