<?xml version="1.0" encoding="UTF-8"?>
<!DOCTYPE html PUBLIC "-//W3C//DTD XHTML 1.0 Transitional//EN"
    "http://www.w3.org/TR/xhtml1/DTD/xhtml1-transitional.dtd">
<html xmlns="http://www.w3.org/1999/xhtml" xml:lang="en" lang="en">
 <head>
  <title>
</title>
<meta http-equiv="Content-Type" content="text/html;charset=utf-8" />
  <meta name='ocr-system' content='tesseract 3.04.00' />
  <meta name='ocr-capabilities' content='ocr_page ocr_carea ocr_par ocr_line ocrx_word'/>
</head>
<body>
  <div class='ocr_page' id='page_1' title='image "./decatulliinvoca00fiscgoog_0027.png"; bbox 0 0 3000 4500; ppageno 0'>
   <div class='ocr_carea' id='block_1_1' title="bbox 493 238 818 325">
    <p class='ocr_par' dir='ltr' id='par_1_1' title="bbox 493 238 818 325">
     <span class='ocr_line' id='line_1_1' title="bbox 493 238 818 325; baseline 0 0"><span class='ocrx_word' id='word_1_1' title='bbox 493 238 818 325; x_wconf 66' lang='grc'><strong>.““7“</strong></span> 
     </span>
    </p>
   </div>
   <div class='ocr_carea' id='block_1_2' title="bbox 180 432 1255 2917">
    <p class='ocr_par' dir='ltr' id='par_1_2' title="bbox 180 432 1255 2917">
     <span class='ocr_line' id='line_1_2' title="bbox 182 432 1252 517; baseline 0.003 -21"><span class='ocrx_word' id='word_1_2' title='bbox 182 432 361 514; x_wconf 73' lang='lat' dir='ltr'>quaestione</span> <span class='ocrx_word' id='word_1_3' title='bbox 390 439 495 498; x_wconf 90' lang='lat' dir='ltr'>nostra</span> <span class='ocrx_word' id='word_1_4' title='bbox 521 433 718 500; x_wconf 91' lang='lat' dir='ltr'>tribuendum</span> <span class='ocrx_word' id='word_1_5' title='bbox 745 434 797 517; x_wconf 89' lang='lat' dir='ltr'>sit,</span> <span class='ocrx_word' id='word_1_6' title='bbox 828 440 1018 517; x_wconf 74' lang='lat' dir='ltr'>quantopere</span> <span class='ocrx_word' id='word_1_7' title='bbox 1044 433 1106 500; x_wconf 90' lang='lat' dir='ltr'>hac</span> <span class='ocrx_word' id='word_1_8' title='bbox 1133 435 1252 501; x_wconf 87' lang='lat' dir='ltr'>ratione</span> 
     </span>
     <span class='ocr_line' id='line_1_3' title="bbox 182 548 1253 632; baseline 0.002 -21"><span class='ocrx_word' id='word_1_9' title='bbox 182 552 324 629; x_wconf 90' lang='lat' dir='ltr'>quattuor</span> <span class='ocrx_word' id='word_1_10' title='bbox 351 549 519 631; x_wconf 88' lang='lat' dir='ltr'>figurarum</span> <span class='ocrx_word' id='word_1_11' title='bbox 547 548 739 631; x_wconf 89' lang='lat' dir='ltr'>singularum</span> <span class='ocrx_word' id='word_1_12' title='bbox 765 550 930 615; x_wconf 90' lang='lat' dir='ltr'>verborum</span> <span class='ocrx_word' id='word_1_13' title='bbox 957 550 1053 615; x_wconf 90' lang='lat' dir='ltr'>series</span> <span class='ocrx_word' id='word_1_14' title='bbox 1080 550 1185 632; x_wconf 88' lang='lat' dir='ltr'>aliqua</span> <span class='ocrx_word' id='word_1_15' title='bbox 1212 570 1253 614; x_wconf 89' lang='lat' dir='ltr'>ex</span> 
     </span>
     <span class='ocr_line' id='line_1_4' title="bbox 182 662 1253 744; baseline 0.005 -19"><span class='ocrx_word' id='word_1_16' title='bbox 182 667 270 744; x_wconf 86' lang='lat' dir='ltr'>parte</span> <span class='ocrx_word' id='word_1_17' title='bbox 297 662 475 731; x_wconf 80' lang='lat' dir='ltr'>destinetur.</span> <span class='ocrx_word' id='word_1_18' title='bbox 522 684 584 729; x_wconf 92' lang='lat' dir='ltr'>non</span> <span class='ocrx_word' id='word_1_19' title='bbox 612 664 701 727; x_wconf 89' lang='lat' dir='ltr'>alitor</span> <span class='ocrx_word' id='word_1_20' title='bbox 726 684 793 730; x_wconf 90' lang='lat' dir='ltr'>rem</span> <span class='ocrx_word' id='word_1_21' title='bbox 824 683 893 730; x_wconf 89' lang='lat' dir='ltr'>sese</span> <span class='ocrx_word' id='word_1_22' title='bbox 916 663 1032 729; x_wconf 89' lang='lat' dir='ltr'>habere</span> <span class='ocrx_word' id='word_1_23' title='bbox 1055 664 1253 730; x_wconf 84' lang='lat' dir='ltr'>manifestum</span> 
     </span>
     <span class='ocr_line' id='line_1_5' title="bbox 182 777 1253 862; baseline 0.003 -21"><span class='ocrx_word' id='word_1_24' title='bbox 182 782 229 841; x_wconf 91' lang='lat' dir='ltr'>est</span> <span class='ocrx_word' id='word_1_25' title='bbox 250 778 282 842; x_wconf 92' lang='lat' dir='ltr'>in</span> <span class='ocrx_word' id='word_1_26' title='bbox 305 777 402 842; x_wconf 88' lang='lat' dir='ltr'>altero</span> <span class='ocrx_word' id='word_1_27' title='bbox 425 778 569 843; x_wconf 89' lang='lat' dir='ltr'>versicuh</span> <span class='ocrx_word' id='word_1_28' title='bbox 585 778 759 844; x_wconf 82' lang='lat' dir='ltr'>hexametri</span> <span class='ocrx_word' id='word_1_29' title='bbox 774 779 906 862; x_wconf 83' lang='lat' dir='ltr'>elegiaci</span> <span class='ocrx_word' id='word_1_30' title='bbox 921 778 1123 845; x_wconf 89' lang='lat' dir='ltr'>hemistichio.</span> <span class='ocrx_word' id='word_1_31' title='bbox 1159 798 1253 861; x_wconf 88' lang='lat' dir='ltr'>quarn</span> 
     </span>
     <span class='ocr_line' id='line_1_6' title="bbox 181 891 1252 976; baseline 0.003 -21"><span class='ocrx_word' id='word_1_32' title='bbox 181 891 243 957; x_wconf 88' lang='lat' dir='ltr'>late</span> <span class='ocrx_word' id='word_1_33' title='bbox 267 897 374 974; x_wconf 91' lang='lat' dir='ltr'>pateat</span> <span class='ocrx_word' id='word_1_34' title='bbox 399 893 432 957; x_wconf 93' lang='lat' dir='ltr'>in</span> <span class='ocrx_word' id='word_1_35' title='bbox 453 899 615 975; x_wconf 88' lang='lat' dir='ltr'>poetarum</span> <span class='ocrx_word' id='word_1_36' title='bbox 642 892 807 958; x_wconf 88' lang='lat' dir='ltr'>latinorum</span> <span class='ocrx_word' id='word_1_37' title='bbox 835 894 978 976; x_wconf 86' lang='lat' dir='ltr'>operibus</span> <span class='ocrx_word' id='word_1_38' title='bbox 1004 893 1079 976; x_wconf 88' lang='lat' dir='ltr'>hcc,</span> <span class='ocrx_word' id='word_1_39' title='bbox 1109 893 1193 976; x_wconf 90' lang='lat' dir='ltr'>quod</span> <span class='ocrx_word' id='word_1_40' title='bbox 1220 895 1252 958; x_wconf 89' lang='lat' dir='ltr'>in</span> 
     </span>
     <span class='ocr_line' id='line_1_7' title="bbox 181 1007 1253 1091; baseline 0.004 -21"><span class='ocrx_word' id='word_1_41' title='bbox 181 1012 335 1072; x_wconf 91' lang='lat' dir='ltr'>certarum</span> <span class='ocrx_word' id='word_1_42' title='bbox 363 1027 509 1073; x_wconf 90' lang='lat' dir='ltr'>versuum</span> <span class='ocrx_word' id='word_1_43' title='bbox 542 1007 662 1074; x_wconf 90' lang='lat' dir='ltr'>sedium</span> <span class='ocrx_word' id='word_1_44' title='bbox 695 1014 808 1073; x_wconf 89' lang='lat' dir='ltr'>natura</span> <span class='ocrx_word' id='word_1_45' title='bbox 837 1009 930 1073; x_wconf 90' lang='lat' dir='ltr'>situm</span> <span class='ocrx_word' id='word_1_46' title='bbox 961 1014 1022 1091; x_wconf 91' lang='lat' dir='ltr'>est,</span> <span class='ocrx_word' id='word_1_47' title='bbox 1063 1015 1253 1075; x_wconf 84' lang='lat' dir='ltr'>momentum</span> 
     </span>
     <span class='ocr_line' id='line_1_8' title="bbox 181 1122 1251 1206; baseline 0.004 -20"><span class='ocrx_word' id='word_1_48' title='bbox 181 1127 268 1204; x_wconf 91' lang='lat' dir='ltr'>patet</span> <span class='ocrx_word' id='word_1_49' title='bbox 288 1143 328 1188; x_wconf 84' lang='lat' dir='ltr'>ex</span> <span class='ocrx_word' id='word_1_50' title='bbox 348 1123 403 1203; x_wconf 86' lang='lat' dir='ltr'>eis,</span> <span class='ocrx_word' id='word_1_51' title='bbox 426 1142 507 1204; x_wconf 89' lang='lat' dir='ltr'>quae</span> <span class='ocrx_word' id='word_1_52' title='bbox 529 1122 568 1188; x_wconf 91' lang='lat' dir='ltr'>de</span> <span class='ocrx_word' id='word_1_53' title='bbox 584 1128 649 1188; x_wconf 87' lang='lat' dir='ltr'>tota</span> <span class='ocrx_word' id='word_1_54' title='bbox 669 1122 728 1188; x_wconf 92' lang='lat' dir='ltr'>hac</span> <span class='ocrx_word' id='word_1_55' title='bbox 744 1124 924 1206; x_wconf 79' lang='lat' dir='ltr'>quaestione</span> <span class='ocrx_word' id='word_1_56' title='bbox 939 1123 1091 1189; x_wconf 85' lang='lat' dir='ltr'>Antonius</span> <span class='ocrx_word' id='word_1_57' title='bbox 1106 1124 1251 1206; x_wconf 84' lang='lat' dir='ltr'>Zingerle</span> 
     </span>
     <span class='ocr_line' id='line_1_9' title="bbox 182 1234 1253 1325; baseline 0.003 -25"><span class='ocrx_word' id='word_1_58' title='bbox 182 1234 350 1319; x_wconf 89' lang='lat' dir='ltr'>disputavit</span> <span class='ocrx_word' id='word_1_59' title='bbox 375 1238 408 1301; x_wconf 92' lang='lat' dir='ltr'>in</span> <span class='ocrx_word' id='word_1_60' title='bbox 436 1237 642 1319; x_wconf 87' lang='lat' dir='ltr'>compluribus</span> <span class='ocrx_word' id='word_1_61' title='bbox 670 1238 782 1304; x_wconf 86' lang='lat' dir='ltr'>libellis</span> <span class='ocrx_word' id='word_1_62' title='bbox 804 1237 901 1325; x_wconf 83' lang='lat' dir='ltr'>(Orid</span> <span class='ocrx_word' id='word_1_63' title='bbox 925 1237 989 1303; x_wconf 93' lang='lat' dir='ltr'>und</span> <span class='ocrx_word' id='word_1_64' title='bbox 1010 1238 1078 1304; x_wconf 88' lang='lat' dir='ltr'>sein</span> <span class='ocrx_word' id='word_1_65' title='bbox 1099 1238 1253 1304; x_wconf 89' lang='lat' dir='ltr'>verhaelt-</span> 
     </span>
     <span class='ocr_line' id='line_1_10' title="bbox 181 1351 1253 1441; baseline 0.002 -24"><span class='ocrx_word' id='word_1_66' title='bbox 181 1352 245 1418; x_wconf 89' lang='lat' dir='ltr'>niss</span> <span class='ocrx_word' id='word_1_67' title='bbox 278 1371 316 1417; x_wconf 85' lang='lat' dir='ltr'>zu</span> <span class='ocrx_word' id='word_1_68' title='bbox 351 1351 413 1418; x_wconf 89' lang='lat' dir='ltr'>den</span> <span class='ocrx_word' id='word_1_69' title='bbox 443 1373 659 1437; x_wconf 89' lang='lat' dir='ltr'>vorgaengern</span> <span class='ocrx_word' id='word_1_70' title='bbox 692 1353 758 1441; x_wconf 89' lang='lat' dir='ltr'>und</span> <span class='ocrx_word' id='word_1_71' title='bbox 790 1353 1026 1436; x_wconf 73' lang='lat' dir='ltr'>gleichzeitigen</span> <span class='ocrx_word' id='word_1_72' title='bbox 1059 1353 1253 1419; x_wconf 88' lang='lat' dir='ltr'>roemischen</span> 
     </span>
     <span class='ocr_line' id='line_1_11' title="bbox 182 1466 1253 1551; baseline 0.003 -20"><span class='ocrx_word' id='word_1_73' title='bbox 182 1466 332 1533; x_wconf 89' lang='lat' dir='ltr'>dichtem.</span> <span class='ocrx_word' id='word_1_74' title='bbox 359 1469 588 1534; x_wconf 80' lang='lat' dir='ltr'>lass-1871.</span> <span class='ocrx_word' id='word_1_75' title='bbox 624 1489 662 1533; x_wconf 88' lang='lat' dir='ltr'>zu</span> <span class='ocrx_word' id='word_1_76' title='bbox 685 1467 747 1534; x_wconf 89' lang='lat' dir='ltr'>den</span> <span class='ocrx_word' id='word_1_77' title='bbox 769 1474 934 1551; x_wconf 90' lang='lat' dir='ltr'>spaeteren</span> <span class='ocrx_word' id='word_1_78' title='bbox 950 1468 1152 1534; x_wconf 86' lang='lat' dir='ltr'>lateinischen</span> <span class='ocrx_word' id='word_1_79' title='bbox 1169 1468 1253 1534; x_wconf 87' lang='lat' dir='ltr'>dich-</span> 
     </span>
     <span class='ocr_line' id='line_1_12' title="bbox 181 1581 1253 1669; baseline 0.003 -22"><span class='ocrx_word' id='word_1_80' title='bbox 181 1587 259 1647; x_wconf 90' lang='lat' dir='ltr'>tern.</span> <span class='ocrx_word' id='word_1_81' title='bbox 293 1581 404 1669; x_wconf 74' lang='lat'>1872.)</span> <span class='ocrx_word' id='word_1_82' title='bbox 438 1583 542 1667; x_wconf 88' lang='lat' dir='ltr'>itaque</span> <span class='ocrx_word' id='word_1_83' title='bbox 577 1590 610 1647; x_wconf 93' lang='lat' dir='ltr'>ut</span> <span class='ocrx_word' id='word_1_84' title='bbox 643 1583 686 1648; x_wconf 92' lang='lat' dir='ltr'>ad</span> <span class='ocrx_word' id='word_1_85' title='bbox 719 1583 875 1649; x_wconf 76' lang='lat' dir='ltr'>Catullum</span> <span class='ocrx_word' id='word_1_86' title='bbox 908 1583 1088 1668; x_wconf 79' lang='lat' dir='ltr'>redeamus,</span> <span class='ocrx_word' id='word_1_87' title='bbox 1127 1585 1253 1650; x_wconf 87' lang='lat' dir='ltr'>minime</span> 
     </span>
     <span class='ocr_line' id='line_1_13' title="bbox 182 1698 1252 1789; baseline 0.002 -27"><span class='ocrx_word' id='word_1_88' title='bbox 182 1698 371 1789; x_wconf 86' lang='lat' dir='ltr'>omittamus,</span> <span class='ocrx_word' id='word_1_89' title='bbox 406 1704 555 1780; x_wconf 88' lang='lat' dir='ltr'>quantum</span> <span class='ocrx_word' id='word_1_90' title='bbox 582 1700 615 1763; x_wconf 93' lang='lat' dir='ltr'>in</span> <span class='ocrx_word' id='word_1_91' title='bbox 642 1700 808 1782; x_wconf 84' lang='lat' dir='ltr'>exemplis,</span> <span class='ocrx_word' id='word_1_92' title='bbox 843 1719 923 1782; x_wconf 88' lang='lat' dir='ltr'>quac</span> <span class='ocrx_word' id='word_1_93' title='bbox 956 1699 1037 1764; x_wconf 82' lang='lat' dir='ltr'>infra</span> <span class='ocrx_word' id='word_1_94' title='bbox 1064 1700 1252 1782; x_wconf 87' lang='lat' dir='ltr'>colligemus,</span> 
     </span>
     <span class='ocr_line' id='line_1_14' title="bbox 182 1813 1254 1880; baseline 0.001 -3"><span class='ocrx_word' id='word_1_95' title='bbox 182 1819 350 1878; x_wconf 89' lang='lat' dir='ltr'>metrorum</span> <span class='ocrx_word' id='word_1_96' title='bbox 384 1820 540 1879; x_wconf 89' lang='lat' dir='ltr'>momento</span> <span class='ocrx_word' id='word_1_97' title='bbox 569 1813 764 1880; x_wconf 90' lang='lat' dir='ltr'>tribuendum</span> <span class='ocrx_word' id='word_1_98' title='bbox 792 1816 840 1879; x_wconf 88' lang='lat' dir='ltr'>sit.</span> <span class='ocrx_word' id='word_1_99' title='bbox 887 1819 1025 1879; x_wconf 88' lang='lat' dir='ltr'>attamen</span> <span class='ocrx_word' id='word_1_100' title='bbox 1058 1833 1120 1878; x_wconf 92' lang='lat' dir='ltr'>non</span> <span class='ocrx_word' id='word_1_101' title='bbox 1154 1815 1254 1879; x_wconf 89' lang='lat' dir='ltr'>solum</span> 
     </span>
     <span class='ocr_line' id='line_1_15' title="bbox 181 1927 1255 2012; baseline 0.002 -21"><span class='ocrx_word' id='word_1_102' title='bbox 181 1928 260 1994; x_wconf 89' lang='lat' dir='ltr'>hacc</span> <span class='ocrx_word' id='word_1_103' title='bbox 288 1929 391 2011; x_wconf 89' lang='lat' dir='ltr'>metri,</span> <span class='ocrx_word' id='word_1_104' title='bbox 427 1935 461 1993; x_wconf 92' lang='lat' dir='ltr'>ut</span> <span class='ocrx_word' id='word_1_105' title='bbox 488 1930 532 1994; x_wconf 90' lang='lat' dir='ltr'>ita</span> <span class='ocrx_word' id='word_1_106' title='bbox 559 1927 675 2012; x_wconf 89' lang='lat' dir='ltr'>dicam,</span> <span class='ocrx_word' id='word_1_107' title='bbox 710 1934 848 2011; x_wconf 89' lang='lat' dir='ltr'>potestas</span> <span class='ocrx_word' id='word_1_108' title='bbox 877 1927 1073 2012; x_wconf 88' lang='lat' dir='ltr'>respicienda</span> <span class='ocrx_word' id='word_1_109' title='bbox 1103 1936 1163 2012; x_wconf 87' lang='lat' dir='ltr'>est,</span> <span class='ocrx_word' id='word_1_110' title='bbox 1198 1927 1255 1994; x_wconf 86' lang='lat' dir='ltr'>sed</span> 
     </span>
     <span class='ocr_line' id='line_1_16' title="bbox 183 2021 1254 2128; baseline 0 -19"><span class='ocrx_word' id='word_1_111' title='bbox 183 2044 304 2109; x_wconf 89' lang='lat' dir='ltr'>accedit</span> <span class='ocrx_word' id='word_1_112' title='bbox 327 2021 420 2110; x_wconf 86' lang='lat' dir='ltr'>etiam</span> <span class='ocrx_word' id='word_1_113' title='bbox 443 2043 578 2110; x_wconf 90' lang='lat' dir='ltr'>studium</span> <span class='ocrx_word' id='word_1_114' title='bbox 601 2044 727 2128; x_wconf 88' lang='lat' dir='ltr'>aliquod</span> <span class='ocrx_word' id='word_1_115' title='bbox 749 2051 921 2128; x_wconf 88' lang='lat' dir='ltr'>poetarum,</span> <span class='ocrx_word' id='word_1_116' title='bbox 944 2044 1028 2128; x_wconf 91' lang='lat' dir='ltr'>quod</span> <span class='ocrx_word' id='word_1_117' title='bbox 1049 2046 1081 2110; x_wconf 92' lang='lat' dir='ltr'>in</span> <span class='ocrx_word' id='word_1_118' title='bbox 1096 2045 1254 2128; x_wconf 90' lang='lat' dir='ltr'>permultis</span> 
     </span>
     <span class='ocr_line' id='line_1_17' title="bbox 182 2159 1254 2243; baseline 0 -18"><span class='ocrx_word' id='word_1_119' title='bbox 182 2159 332 2242; x_wconf 82' lang='lat' dir='ltr'>exemplis</span> <span class='ocrx_word' id='word_1_120' title='bbox 356 2159 543 2225; x_wconf 89' lang='lat' dir='ltr'>demonstari</span> <span class='ocrx_word' id='word_1_121' title='bbox 565 2161 686 2243; x_wconf 89' lang='lat' dir='ltr'>poterit.</span> <span class='ocrx_word' id='word_1_122' title='bbox 732 2159 816 2243; x_wconf 92' lang='lat' dir='ltr'>quod</span> <span class='ocrx_word' id='word_1_123' title='bbox 838 2160 974 2226; x_wconf 90' lang='lat' dir='ltr'>studium</span> <span class='ocrx_word' id='word_1_124' title='bbox 1000 2161 1135 2243; x_wconf 87' lang='lat' dir='ltr'>exempli</span> <span class='ocrx_word' id='word_1_125' title='bbox 1158 2179 1254 2225; x_wconf 88' lang='lat' dir='ltr'>causa</span> 
     </span>
     <span class='ocr_line' id='line_1_18' title="bbox 180 2273 1254 2360; baseline 0.002 -21"><span class='ocrx_word' id='word_1_126' title='bbox 180 2277 213 2339; x_wconf 92' lang='lat' dir='ltr'>in</span> <span class='ocrx_word' id='word_1_127' title='bbox 235 2273 414 2342; x_wconf 84' lang='lat' dir='ltr'>hexametro</span> <span class='ocrx_word' id='word_1_128' title='bbox 439 2276 593 2360; x_wconf 88' lang='lat' dir='ltr'>dactylico</span> <span class='ocrx_word' id='word_1_129' title='bbox 616 2282 648 2341; x_wconf 92' lang='lat' dir='ltr'>et</span> <span class='ocrx_word' id='word_1_130' title='bbox 670 2275 712 2341; x_wconf 90' lang='lat' dir='ltr'>ad</span> <span class='ocrx_word' id='word_1_131' title='bbox 735 2277 872 2358; x_wconf 89' lang='lat' dir='ltr'>quintum</span> <span class='ocrx_word' id='word_1_132' title='bbox 897 2284 928 2341; x_wconf 93' lang='lat' dir='ltr'>et</span> <span class='ocrx_word' id='word_1_133' title='bbox 943 2276 985 2340; x_wconf 84' lang='lat' dir='ltr'>ad</span> <span class='ocrx_word' id='word_1_134' title='bbox 1000 2277 1134 2359; x_wconf 89' lang='lat' dir='ltr'>reliquos</span> <span class='ocrx_word' id='word_1_135' title='bbox 1155 2274 1254 2357; x_wconf 89' lang='lat' dir='ltr'>pedes</span> 
     </span>
     <span class='ocr_line' id='line_1_19' title="bbox 180 2390 1254 2473; baseline -0.002 -16"><span class='ocrx_word' id='word_1_136' title='bbox 180 2391 321 2472; x_wconf 90' lang='lat' dir='ltr'>pertinet.</span> <span class='ocrx_word' id='word_1_137' title='bbox 368 2390 443 2473; x_wconf 92' lang='lat' dir='ltr'>quid</span> <span class='ocrx_word' id='word_1_138' title='bbox 471 2390 547 2456; x_wconf 90' lang='lat' dir='ltr'>mihi</span> <span class='ocrx_word' id='word_1_139' title='bbox 575 2390 669 2457; x_wconf 88' lang='lat' dir='ltr'>velim</span> <span class='ocrx_word' id='word_1_140' title='bbox 703 2391 854 2473; x_wconf 86' lang='lat' dir='ltr'>exemplis</span> <span class='ocrx_word' id='word_1_141' title='bbox 887 2391 1042 2455; x_wconf 87' lang='lat' dir='ltr'>nonnullis</span> <span class='ocrx_word' id='word_1_142' title='bbox 1076 2390 1254 2456; x_wconf 88' lang='lat' dir='ltr'>adcuratius</span> 
     </span>
     <span class='ocr_line' id='line_1_20' title="bbox 181 2504 1253 2588; baseline -0.001 -17"><span class='ocrx_word' id='word_1_143' title='bbox 181 2505 344 2571; x_wconf 90' lang='lat' dir='ltr'>ostendere</span> <span class='ocrx_word' id='word_1_144' title='bbox 373 2506 474 2570; x_wconf 85' lang='lat' dir='ltr'>liccat.</span> <span class='ocrx_word' id='word_1_145' title='bbox 520 2527 595 2570; x_wconf 88' lang='lat' dir='ltr'>nam</span> <span class='ocrx_word' id='word_1_146' title='bbox 627 2506 654 2570; x_wconf 90' lang='lat' dir='ltr'>si</span> <span class='ocrx_word' id='word_1_147' title='bbox 687 2504 799 2571; x_wconf 91' lang='lat' dir='ltr'>eodem</span> <span class='ocrx_word' id='word_1_148' title='bbox 834 2506 866 2570; x_wconf 91' lang='lat' dir='ltr'>in</span> <span class='ocrx_word' id='word_1_149' title='bbox 893 2507 1045 2571; x_wconf 85' lang='lat' dir='ltr'>versiculo</span> <span class='ocrx_word' id='word_1_150' title='bbox 1079 2507 1253 2588; x_wconf 90' lang='lat' dir='ltr'>complures</span> 
     </span>
     <span class='ocr_line' id='line_1_21' title="bbox 180 2618 1251 2704; baseline -0.002 -19"><span class='ocrx_word' id='word_1_151' title='bbox 180 2621 344 2685; x_wconf 83' lang='lat' dir='ltr'>verborum</span> <span class='ocrx_word' id='word_1_152' title='bbox 371 2620 488 2685; x_wconf 87' lang='lat' dir='ltr'>formae</span> <span class='ocrx_word' id='word_1_153' title='bbox 517 2620 559 2685; x_wconf 92' lang='lat' dir='ltr'>ad</span> <span class='ocrx_word' id='word_1_154' title='bbox 587 2619 747 2704; x_wconf 86' lang='lat' dir='ltr'>dactylum</span> <span class='ocrx_word' id='word_1_155' title='bbox 769 2618 965 2684; x_wconf 85' lang='lat' dir='ltr'>formandum</span> <span class='ocrx_word' id='word_1_156' title='bbox 992 2619 1107 2687; x_wconf 88' lang='lat' dir='ltr'>idonea</span> <span class='ocrx_word' id='word_1_157' title='bbox 1135 2625 1251 2702; x_wconf 86' lang='lat' dir='ltr'>extant,</span> 
     </span>
     <span class='ocr_line' id='line_1_22' title="bbox 180 2734 1253 2818; baseline -0.001 -17"><span class='ocrx_word' id='word_1_158' title='bbox 180 2741 274 2818; x_wconf 87' lang='lat' dir='ltr'>poeta</span> <span class='ocrx_word' id='word_1_159' title='bbox 303 2742 356 2800; x_wconf 90' lang='lat' dir='ltr'>aut</span> <span class='ocrx_word' id='word_1_160' title='bbox 382 2735 442 2800; x_wconf 90' lang='lat' dir='ltr'>hac</span> <span class='ocrx_word' id='word_1_161' title='bbox 470 2741 525 2801; x_wconf 89' lang='lat' dir='ltr'>aut</span> <span class='ocrx_word' id='word_1_162' title='bbox 551 2735 606 2800; x_wconf 91' lang='lat' dir='ltr'>illa</span> <span class='ocrx_word' id='word_1_163' title='bbox 631 2737 664 2800; x_wconf 92' lang='lat' dir='ltr'>in</span> <span class='ocrx_word' id='word_1_164' title='bbox 686 2734 768 2818; x_wconf 87' lang='lat' dir='ltr'>pede</span> <span class='ocrx_word' id='word_1_165' title='bbox 796 2735 902 2818; x_wconf 90' lang='lat' dir='ltr'>quinto</span> <span class='ocrx_word' id='word_1_166' title='bbox 926 2737 969 2800; x_wconf 89' lang='lat' dir='ltr'>uti</span> <span class='ocrx_word' id='word_1_167' title='bbox 992 2736 1091 2817; x_wconf 87' lang='lat' dir='ltr'>potuit</span> <span class='ocrx_word' id='word_1_168' title='bbox 1112 2736 1197 2802; x_wconf 89' lang='lat' dir='ltr'>velut</span> <span class='ocrx_word' id='word_1_169' title='bbox 1220 2736 1253 2800; x_wconf 88' lang='lat' dir='ltr'>in</span> 
     </span>
     <span class='ocr_line' id='line_1_23' title="bbox 180 2850 567 2917; baseline 0 -2"><span class='ocrx_word' id='word_1_170' title='bbox 180 2851 229 2916; x_wconf 89' lang='lat' dir='ltr'>his</span> <span class='ocrx_word' id='word_1_171' title='bbox 252 2850 371 2916; x_wconf 90' lang='lat' dir='ltr'>duobus</span> <span class='ocrx_word' id='word_1_172' title='bbox 395 2852 567 2917; x_wconf 88' lang='lat' dir='ltr'>versicuhs:</span> 
     </span>
    </p>
   </div>
   <div class='ocr_carea' id='block_1_3' title="bbox 287 2993 1136 3153">
    <p class='ocr_par' dir='ltr' id='par_1_3' title="bbox 287 2993 1136 3153">
     <span class='ocr_line' id='line_1_24' title="bbox 287 2993 1048 3051; baseline 0.004 -4"><span class='ocrx_word' id='word_1_173' title='bbox 287 2994 387 3049; x_wconf 88' lang='lat' dir='ltr'>LXIV.</span> <span class='ocrx_word' id='word_1_174' title='bbox 400 2998 461 3051; x_wconf 76' lang='lat'><strong>321.</strong></span> <span class='ocrx_word' id='word_1_175' title='bbox 487 2996 565 3051; x_wconf 86' lang='lat' dir='ltr'>Talia</span> <span class='ocrx_word' id='word_1_176' title='bbox 584 2994 680 3050; x_wconf 90' lang='lat' dir='ltr'>divino</span> <span class='ocrx_word' id='word_1_177' title='bbox 699 2993 833 3049; x_wconf 85' lang='lat' dir='ltr'>fuderunt</span> <span class='ocrx_word' id='word_1_178' title='bbox 850 2996 970 3050; x_wconf 83' lang='lat' dir='ltr'>carmine</span> <span class='ocrx_word' id='word_1_179' title='bbox 988 2993 1048 3050; x_wconf 83' lang='lat' dir='ltr'>fata</span> 
     </span>
     <span class='ocr_line' id='line_1_25' title="bbox 287 3084 1136 3153; baseline 0.001 -15"><span class='ocrx_word' id='word_1_180' title='bbox 287 3084 387 3139; x_wconf 87' lang='lat' dir='ltr'>LXIV.</span> <span class='ocrx_word' id='word_1_181' title='bbox 400 3086 424 3138; x_wconf 86' lang='grc'>7.</span> <span class='ocrx_word' id='word_1_182' title='bbox 451 3085 568 3140; x_wconf 80' lang='lat' dir='ltr'>Caerula</span> <span class='ocrx_word' id='word_1_183' title='bbox 587 3089 730 3139; x_wconf 89' lang='lat' dir='ltr'>verrentes</span> <span class='ocrx_word' id='word_1_184' title='bbox 749 3084 878 3150; x_wconf 81' lang='lat' dir='ltr'>abiegnis</span> <span class='ocrx_word' id='word_1_185' title='bbox 898 3100 1020 3153; x_wconf 88' lang='lat' dir='ltr'>aequora</span> <span class='ocrx_word' id='word_1_186' title='bbox 1037 3084 1136 3152; x_wconf 86' lang='lat' dir='ltr'>palmis</span> 
     </span>
    </p>
   </div>
   <div class='ocr_carea' id='block_1_4' title="bbox 112 3179 1254 3973">
    <p class='ocr_par' dir='ltr' id='par_1_4' title="bbox 112 3179 1254 3973">
     <span class='ocr_line' id='line_1_26' title="bbox 112 3179 1253 3282; baseline 0.001 -19"><span class='ocrx_word' id='word_1_187' title='bbox 112 3179 122 3198; x_wconf 63' lang='lat'><em>⁶</em></span> <span class='ocrx_word' id='word_1_188' title='bbox 180 3219 283 3264; x_wconf 89' lang='lat' dir='ltr'>nonne</span> <span class='ocrx_word' id='word_1_189' title='bbox 314 3199 422 3280; x_wconf 89' lang='lat' dir='ltr'>quaeri</span> <span class='ocrx_word' id='word_1_190' title='bbox 453 3204 484 3264; x_wconf 87' lang='lat' dir='ltr'>et</span> <span class='ocrx_word' id='word_1_191' title='bbox 513 3203 615 3280; x_wconf 90' lang='lat' dir='ltr'>potest</span> <span class='ocrx_word' id='word_1_192' title='bbox 645 3204 677 3263; x_wconf 87' lang='lat' dir='ltr'>ct</span> <span class='ocrx_word' id='word_1_193' title='bbox 706 3197 813 3280; x_wconf 91' lang='lat' dir='ltr'>debet,</span> <span class='ocrx_word' id='word_1_194' title='bbox 843 3217 907 3281; x_wconf 88' lang='lat' dir='ltr'>qua</span> <span class='ocrx_word' id='word_1_195' title='bbox 933 3218 967 3265; x_wconf 91' lang='lat' dir='ltr'>re</span> <span class='ocrx_word' id='word_1_196' title='bbox 994 3199 1110 3264; x_wconf 83' lang='lat' dir='ltr'>factum</span> <span class='ocrx_word' id='word_1_197' title='bbox 1135 3200 1187 3282; x_wconf 86' lang='lat' dir='ltr'>sit,</span> <span class='ocrx_word' id='word_1_198' title='bbox 1220 3206 1253 3264; x_wconf 89' lang='lat' dir='ltr'>ut</span> 
     </span>
     <span class='ocr_line' id='line_1_27' title="bbox 181 3311 1253 3397; baseline 0.001 -18"><span class='ocrx_word' id='word_1_199' title='bbox 181 3320 274 3396; x_wconf 90' lang='lat' dir='ltr'>poeta</span> <span class='ocrx_word' id='word_1_200' title='bbox 296 3314 425 3395; x_wconf 88' lang='lat' dir='ltr'>formas,</span> <span class='ocrx_word' id='word_1_201' title='bbox 450 3334 530 3396; x_wconf 90' lang='lat' dir='ltr'>quae</span> <span class='ocrx_word' id='word_1_202' title='bbox 554 3319 625 3377; x_wconf 92' lang='lat' dir='ltr'>sunt</span> <span class='ocrx_word' id='word_1_203' title='bbox 650 3311 994 3397; x_wconf 82' lang='lat' dir='ltr'>„ca1mine,aequora“</span> <span class='ocrx_word' id='word_1_204' title='bbox 1020 3314 1053 3377; x_wconf 91' lang='lat' dir='ltr'>in</span> <span class='ocrx_word' id='word_1_205' title='bbox 1075 3313 1136 3380; x_wconf 84' lang='lat' dir='ltr'>dne</span> <span class='ocrx_word' id='word_1_206' title='bbox 1159 3315 1253 3380; x_wconf 89' lang='lat' dir='ltr'>versi-</span> 
     </span>
     <span class='ocr_line' id='line_1_28' title="bbox 181 3428 1254 3514; baseline 0.001 -21"><span class='ocrx_word' id='word_1_207' title='bbox 181 3430 242 3494; x_wconf 92' lang='lat' dir='ltr'>culi</span> <span class='ocrx_word' id='word_1_208' title='bbox 264 3449 379 3512; x_wconf 88' lang='lat' dir='ltr'>ponere</span> <span class='ocrx_word' id='word_1_209' title='bbox 402 3429 518 3512; x_wconf 89' lang='lat' dir='ltr'>mallet,</span> <span class='ocrx_word' id='word_1_210' title='bbox 541 3449 634 3512; x_wconf 91' lang='lat' dir='ltr'>quam</span> <span class='ocrx_word' id='word_1_211' title='bbox 658 3428 816 3513; x_wconf 88' lang='lat' dir='ltr'>adjectiva</span> <span class='ocrx_word' id='word_1_212' title='bbox 841 3428 945 3513; x_wconf 74' lang='lat' dir='ltr'>,talia</span> <span class='ocrx_word' id='word_1_213' title='bbox 969 3429 1140 3495; x_wconf 79' lang='lat' dir='ltr'>caerula“?</span> <span class='ocrx_word' id='word_1_214' title='bbox 1171 3429 1254 3514; x_wconf 91' lang='lat' dir='ltr'>quod</span> 
     </span>
     <span class='ocr_line' id='line_1_29' title="bbox 181 3543 1253 3626; baseline -0.001 -16"><span class='ocrx_word' id='word_1_215' title='bbox 181 3546 207 3610; x_wconf 90' lang='lat' dir='ltr'>si</span> <span class='ocrx_word' id='word_1_216' title='bbox 229 3544 361 3626; x_wconf 84' lang='lat' dir='ltr'>fecisset,</span> <span class='ocrx_word' id='word_1_217' title='bbox 384 3544 417 3609; x_wconf 89' lang='lat' dir='ltr'>in</span> <span class='ocrx_word' id='word_1_218' title='bbox 436 3545 537 3626; x_wconf 90' lang='lat' dir='ltr'>priore</span> <span class='ocrx_word' id='word_1_219' title='bbox 553 3544 705 3610; x_wconf 89' lang='lat' dir='ltr'>versiculo</span> <span class='ocrx_word' id='word_1_220' title='bbox 728 3543 888 3610; x_wconf 88' lang='lat' dir='ltr'>habuisset</span> <span class='ocrx_word' id='word_1_221' title='bbox 910 3544 1143 3613; x_wconf 88' lang='lat' dir='ltr'>collocationem</span> <span class='ocrx_word' id='word_1_222' title='bbox 1165 3550 1253 3609; x_wconf 90' lang='lat' dir='ltr'>natu·</span> 
     </span>
     <span class='ocr_line' id='line_1_30' title="bbox 181 3658 1253 3743; baseline 0.001 -20"><span class='ocrx_word' id='word_1_223' title='bbox 181 3660 288 3743; x_wconf 87' lang='lat' dir='ltr'>ralem,</span> <span class='ocrx_word' id='word_1_224' title='bbox 299 3660 332 3724; x_wconf 95' lang='lat' dir='ltr'>in</span> <span class='ocrx_word' id='word_1_225' title='bbox 343 3661 441 3725; x_wconf 87' lang='lat' dir='ltr'>altero</span> <span class='ocrx_word' id='word_1_226' title='bbox 457 3660 551 3724; x_wconf 90' lang='lat' dir='ltr'>aliam</span> <span class='ocrx_word' id='word_1_227' title='bbox 562 3660 694 3741; x_wconf 90' lang='lat' dir='ltr'>figuram</span> <span class='ocrx_word' id='word_1_228' title='bbox 709 3659 905 3724; x_wconf 88' lang='lat' dir='ltr'>artificiosam</span> <span class='ocrx_word' id='word_1_229' title='bbox 916 3658 1116 3726; x_wconf 86' lang='lat' dir='ltr'>adhibuisset.</span> <span class='ocrx_word' id='word_1_230' title='bbox 1140 3660 1253 3726; x_wconf 90' lang='lat' dir='ltr'>deinde</span> 
     </span>
     <span class='ocr_line' id='line_1_31' title="bbox 180 3769 1252 3860; baseline 0.002 -22"><span class='ocrx_word' id='word_1_231' title='bbox 180 3781 215 3839; x_wconf 93' lang='lat' dir='ltr'>ut</span> <span class='ocrx_word' id='word_1_232' title='bbox 235 3775 328 3860; x_wconf 87' lang='lat' dir='ltr'>hujus</span> <span class='ocrx_word' id='word_1_233' title='bbox 350 3776 395 3841; x_wconf 89' lang='lat' dir='ltr'>rei</span> <span class='ocrx_word' id='word_1_234' title='bbox 418 3780 622 3856; x_wconf 81' lang='lat' dir='ltr'>momentum,</span> <span class='ocrx_word' id='word_1_235' title='bbox 651 3772 734 3856; x_wconf 91' lang='lat' dir='ltr'>quod</span> <span class='ocrx_word' id='word_1_236' title='bbox 762 3772 804 3838; x_wconf 90' lang='lat' dir='ltr'>ad</span> <span class='ocrx_word' id='word_1_237' title='bbox 831 3773 965 3857; x_wconf 89' lang='lat' dir='ltr'>reliquos</span> <span class='ocrx_word' id='word_1_238' title='bbox 990 3773 1088 3855; x_wconf 90' lang='lat' dir='ltr'>pedes</span> <span class='ocrx_word' id='word_1_239' title='bbox 1110 3769 1252 3858; x_wconf 80' lang='lat' dir='ltr'>pertinet,</span> 
     </span>
     <span class='ocr_line' id='line_1_32' title="bbox 180 3888 1222 3973; baseline 0 -19"><span class='ocrx_word' id='word_1_240' title='bbox 180 3889 303 3973; x_wconf 85' lang='lat' dir='ltr'>longius</span> <span class='ocrx_word' id='word_1_241' title='bbox 325 3909 555 3973; x_wconf 90' lang='lat' dir='ltr'>persequamur,</span> <span class='ocrx_word' id='word_1_242' title='bbox 579 3888 632 3972; x_wconf 93' lang='lat' dir='ltr'>qui</span> <span class='ocrx_word' id='word_1_243' title='bbox 653 3889 770 3954; x_wconf 87' lang='lat' dir='ltr'>sactum</span> <span class='ocrx_word' id='word_1_244' title='bbox 792 3895 839 3955; x_wconf 87' lang='lat' dir='ltr'>est</span> <span class='ocrx_word' id='word_1_245' title='bbox 861 3893 895 3954; x_wconf 91' lang='lat' dir='ltr'>ut</span> <span class='ocrx_word' id='word_1_246' title='bbox 916 3888 948 3954; x_wconf 91' lang='lat' dir='ltr'>in</span> <span class='ocrx_word' id='word_1_247' title='bbox 970 3889 1123 3955; x_wconf 86' lang='lat' dir='ltr'>versiculo</span> <span class='ocrx_word' id='word_1_248' title='bbox 1146 3889 1222 3954; x_wconf 90' lang='lat' dir='ltr'>hoc:</span> 
     </span>
    </p>
   </div>
   <div class='ocr_carea' id='block_1_5' title="bbox 289 4023 1208 4094">
    <p class='ocr_par' dir='ltr' id='par_1_5' title="bbox 289 4023 1208 4094">
     <span class='ocr_line' id='line_1_33' title="bbox 289 4023 1208 4094; baseline 0.004 -16"><span class='ocrx_word' id='word_1_249' title='bbox 289 4023 490 4081; x_wconf 82' lang='lat' dir='ltr'>LXVIII.151.</span> <span class='ocrx_word' id='word_1_250' title='bbox 516 4026 558 4081; x_wconf 84' lang='lat' dir='ltr'>Ne</span> <span class='ocrx_word' id='word_1_251' title='bbox 577 4029 701 4081; x_wconf 88' lang='lat' dir='ltr'>vestrum</span> <span class='ocrx_word' id='word_1_252' title='bbox 720 4024 819 4081; x_wconf 85' lang='lat' dir='ltr'>scabra</span> <span class='ocrx_word' id='word_1_253' title='bbox 836 4028 935 4094; x_wconf 80' lang='lat' dir='ltr'>tangat</span> <span class='ocrx_word' id='word_1_254' title='bbox 953 4024 1088 4094; x_wconf 86' lang='lat' dir='ltr'>rubigene</span> <span class='ocrx_word' id='word_1_255' title='bbox 1108 4039 1208 4082; x_wconf 87' lang='lat' dir='ltr'>nomeu</span> 
     </span>
    </p>
   </div>
   <div class='ocr_carea' id='block_1_6' title="bbox 0 0 1504 4500">
    <p class='ocr_par' dir='ltr' id='par_1_6' title="bbox 0 0 1504 4500">
     <span class='ocr_line' id='line_1_34' title="bbox 0 0 1504 4500; baseline 0 0"><span class='ocrx_word' id='word_1_256' title='bbox 0 0 1504 4500; x_wconf 95' lang='lat' dir='ltr'> </span> 
     </span>
    </p>
   </div>
  </div>
 </body>
</html>
