3000 4500
672 162 894 226 ..24-

293 358 406 427 LXVI.
426 359 477 425 13.
500 357 676 424 Nocturnae
699 357 787 424 rixae
809 357 943 441 vestigia
966 356 1070 423 dulcia
1092 362 1219 441 portans

342 522 357 557 „
442 522 457 557 „
498 474 598 539 Rixae
621 479 791 540 nocturnae
812 474 945 557 vestigia
967 472 1072 538 dulcia
1093 478 1221 556 portans

295 588 439 655 LXVIII.
458 590 487 653 7.
511 589 579 655 Nec
592 588 701 654 Musae
717 594 858 655 veterum
880 589 1060 671 scriptorum
1077 589 1214 654 carmine
1237 588 1322 655 dulci

364 754 379 789 „
462 753 478 788 „
512 704 579 770 Nec
593 709 735 770 veterum
748 703 858 770 Musae
881 704 1062 787 scriptorum
1078 703 1214 770 carmine
1237 702 1322 769 drssci

251 854 284 914 et
312 847 338 912 si
369 846 474 930 paullo
505 851 626 911 tantum
652 845 807 912 vocabula
836 851 999 928 mutasset,
1034 844 1128 911 hasce
1162 844 1322 912 habuisset

251 962 469 1029 coMocationes
490 961 662 1028 naturales:

295 1105 408 1171 LXIV.
428 1106 500 1170 172.
525 1104 694 1188 Cecropiae
717 1124 838 1188 puppes
860 1104 1031 1187 tetigIsscnt
1052 1105 1142 1169 litora
1165 1104 1262 1170 Gnosi

344 1270 360 1305 „
423 1222 498 1286 210.
522 1221 590 1287 Nec
611 1226 731 1286 maesto
753 1220 865 1285 tollens
887 1220 1017 1302 genitori
1040 1219 1144 1285 dulcia
1165 1220 1255 1303 signa

345 1384 360 1421 „
425 1338 499 1402 316.
523 1335 634 1401 Labris
656 1333 784 1401 aridulis
807 1334 978 1401 haerebant
1000 1335 1093 1401 lanea
1114 1354 1218 1400 morsa

344 1500 360 1537 ‚‚
424 1453 499 1517 388.
523 1451 678 1534 Tempore
701 1470 771 1515 cum
794 1450 873 1517 festo
897 1451 1053 1517 venissent
1075 1471 1181 1515 annua
1203 1471 1292 1516 sacra

297 1567 409 1633 LXVI.
430 1569 458 1633 1.
482 1566 590 1649 Magni
613 1566 666 1647 qui
688 1565 797 1631 mundi
819 1565 953 1649 dispexit
974 1566 1090 1631 lumina
1113 1573 1224 1633 cuncta
1335 1654 1339 1655 γ

252 1728 324 1793 talis
351 1728 515 1793 verborum
547 1725 623 1792 ordo
655 1733 702 1793 est
731 1726 899 1810 promptior
930 1733 961 1792 et
992 1732 1125 1792 naturae·
1151 1746 1323 1792 accommo

254 1843 363 1910 daticr.
420 1843 515 1909 nihilo
548 1844 650 1908 minus
684 1842 882 1908 artificiosam
916 1843 1150 1908 collocationem
1183 1842 1323 1909 Catullus

253 1960 341 2041 sequi
363 1959 481 2024 maluit.
525 1978 619 2042 quam
642 1965 673 2025 et
694 1959 796 2042 ipsam
817 1959 934 2043 pariter
956 1965 1049 2040 atque
1065 1959 1255 2042 superiorem
1276 1980 1323 2025 re·

252 2075 344 2157 bquis
366 2075 537 2140 artificiosis
559 2074 665 2157 figuris
686 2074 837 2158 praeferri
857 2073 931 2140 iude
953 2074 1091 2157 intellegi
1105 2080 1216 2158 potest,
1239 2074 1324 2156 quod

252 2195 347 2273 poeta
368 2189 544 2275 repudiavit
572 2189 680 2272 aequis
703 2196 735 2257 et
757 2190 846 2256 metri
869 2195 900 2256 et
922 2208 1071 2256 caesurae
1094 2189 1324 2257 condicionibus

253 2306 347 2373 hosce
370 2306 506 2374 ordines:

694 2449 725 2513 A
746 2448 767 2514 b
787 2444 792 2535 l
812 2449 882 2514 aB

299 2573 412 2640 LXIV.
432 2574 505 2639 129.
529 2572 683 2657 Tegmina
705 2573 844 2641 nudatae
866 2574 1023 2642 tollentem
1045 2573 1152 2641 mollia
1174 2593 1265 2639 surae

225 2766 233 2778 .
345 2737 362 2774 „
432 2691 506 2756 172.
529 2689 635 2755 Litora
658 2689 827 2773 Cecropiae
850 2690 1022 2775 tetigissent
1044 2690 1163 2758 Gnosia
1184 2708 1304 2773 puppes

345 2851 362 2888 „
431 2806 505 2869 242.
530 2804 662 2869 Lumina
688 2804 721 2870 in
743 2803 891 2871 adsiduos
914 2806 1080 2872 absumens
1102 2805 1197 2871 anxia
1218 2804 1309 2870 fletus

346 2966 362 3003 ,‚
431 2920 505 2985 264.
529 2917 681 3002 Tibiaque
704 2920 840 2986 horribili
862 2919 1011 2986 stridebat
1032 2921 1166 2987 barbara
1188 2927 1281 2987 cantu

347 3083 363 3121 „
431 3036 505 3102 351.
529 3035 722 3117 Pectoraque
744 3036 873 3103 infirmis
894 3037 1058 3103 variabunt
1073 3037 1197 3121 puhida
1211 3035 1324 3121 palmis

696 3179 726 3243 A
748 3178 768 3244 b
812 3179 840 3242 B
863 3201 884 3244 a

298 3302 411 3368 LXIV.
428 3305 481 3369 39.
504 3303 575 3369 Non
597 3303 702 3369 rastris
724 3177 848 3369 hun'nilis
870 3311 1019 3387 purgatur
1040 3304 1133 3370 vinea
1155 3304 1256 3371 cumis

697 3465 718 3510 a
739 3445 767 3508 B
788 3441 792 3530 Ι
812 3445 841 3509 Α
863 3446 883 3509 b

297 3569 410 3636 LXIV.
428 3572 480 3635 39.
504 3569 575 3635 Non
597 3568 720 3636 humilis
742 3570 848 3635 rastris
871 3576 1021 3654 purgatur
1042 3571 1135 3638 vinea
1157 3572 1260 3638 curuis

297 3685 410 3751 LXVI.
430 3687 458 3749 1.
483 3684 595 3750 Omnia
617 3684 671 3767 qui
692 3683 800 3751 mundi
822 3684 957 3768 dispexit
978 3686 1095 3751 lumina
1117 3688 1225 3769 magni

254 3827 367 3895 deinde
401 3847 475 3895 vero
508 3825 569 3895 hac
601 3826 635 3892 in
663 3826 764 3912 figura
798 3827 998 3893 usitatissima
1025 3833 1122 3891 totum
1150 3826 1264 3893 Catulli
1291 3829 1322 3893 in

253 3944 392 4012 versibus
407 3940 577 4012 formandis
591 3947 623 4011 et
637 3943 670 4009 in
684 3943 786 4012 verbis
809 3940 999 4010 collocandis
1022 3940 1184 4009 artificium
1206 3945 1322 4029 optime
