3000 4500
1365 177 1765 241 -3-

482 376 642 444 haec
687 369 1077 458 potissimum
1106 373 1436 438 verborum
1481 369 1802 438 collocatio
1848 375 2071 452 poetae
2116 370 2446 452 probanda
2491 393 2635 441 esse

484 491 830 571 videret1u·,
888 507 1012 553 non
1070 488 1196 553 alia
1252 488 1383 553 sive
1429 485 1729 551 naturalis
1785 485 1917 550 sive
1963 485 2336 551 artificiosa?
2409 487 2639 561 iisdem

485 607 653 672 enim
708 602 807 672 his
862 603 1116 670 vocibus
1172 602 1392 685 viginti
1447 607 1734 683 quattuor
1790 599 2020 666 ordinis
2075 600 2236 666 inter
2289 621 2357 667 se
2404 601 2639 670 diversi

487 719 651 787 effici
704 723 1052 801 potuerunt.
1147 715 1374 783 deinde
1431 721 1498 779 ut
1554 715 1635 780 de
1689 715 1967 780 versibus
2037 734 2281 797 quoque
2337 716 2636 799 elegiacis

487 836 682 903 verba
725 833 1055 916 faciamus,
1111 832 1504 899 inveniuntur
1560 831 1623 895 in
1671 829 1896 895 Catulli
1941 831 2313 896 carminibus
2357 834 2635 916 exempli

490 969 683 1018 causa
727 967 946 1015 versus
991 947 1081 1012 hi:

813 1091 1039 1147 LXVII.
1070 1093 1157 1147 32.
1209 1090 1398 1146 Brixia
1437 1091 1694 1160 Cycneae
1733 1090 2026 1157 supposita
2062 1090 2323 1157 speculae

812 1179 1013 1237 LXVI.
1041 1181 1129 1236 58.
1185 1179 1350 1235 Graia
1389 1180 1683 1247 Canopieis
1720 1178 1899 1234 incola
1935 1179 2189 1235 litoribus

492 1313 868 1378 quamquam
918 1295 984 1360 in
1027 1295 1230 1378 priore
1277 1294 1428 1360 ordo
1473 1295 1800 1376 naturalis,
1857 1295 1921 1358 in
1977 1294 2172 1359 altero
2229 1295 2418 1360 etiam
2474 1296 2633 1362 alius

497 1410 645 1474 ursis·
697 1410 1054 1475 artificiosus
1101 1409 1342 1476 admitti
1370 1416 1632 1493 poterat.
1696 1429 1895 1492 neque
1927 1429 2300 1492 quemquam
2330 1411 2634 1475 dicturum

497 1546 629 1590 *1:515ss
681 1526 960 1590 (mistimo
1004 1524 1155 1590 nihil
1200 1525 1495 1591 interesse
1545 1530 1728 1607 atque
1774 1526 1940 1589 omni
1986 1524 2171 1588 modo
2219 1526 2450 1607 pariter
2494 1546 2633 1592 sese

501 1642 721 1706 Ιηιὶωτκ
785 1661 938 1723 rem,
997 1646 1199 1706 utrum
1253 1640 1412 1706 haec
1465 1661 1548 1706 an
1592 1642 1701 1705 illa
1746 1641 1937 1707 series
1983 1646 2235 1723 captata
2279 1642 2373 1706 sit.
2466 1641 2634 1723 quod

493 1758 537 1818 ‚izi
601 1758 733 1838 quis
797 1754 985 1838 dicat,
1049 1755 1415 1838 gravissimo
1471 1774 1676 1823 errore
1732 1756 1906 1821 illum
1949 1756 2144 1820 teneri
2190 1763 2474 1838 apertum
2519 1764 2631 1823 est.

497 1874 741 1950 menius
793 1871 972 1953 enim,
1020 1877 1087 1935 ut
1133 1869 1371 1936 duobus
1417 1871 1719 1954 exemplis
1755 1870 1895 1955 jam
1940 1871 2309 1954 aperuimus,
2358 1871 2635 1937 Catullus

494 1989 677 2050 :ilium
717 1986 992 2050 [udinem
1023 1986 1216 2050 multo
1247 1987 1685 2068 promptiorem
1726 1986 1900 2067 sequi
1937 1986 2151 2068 potuit,
2199 1985 2250 2050 si
2282 1987 2387 2052 vel
2409 1985 2634 2052 eadem

497 2102 709 2170 vernn..
777 2100 993 2182 quibus
1044 2101 1307 2184 figuram
1363 2100 1757 2165 artificiosam
1813 2120 1951 2166 esse
1997 2100 2283 2166 effectam
2329 2101 2631 2185 videmus&

495 2238 525 2278 n
541 2218 673 2278 litor
717 2214 1079 2281 [fullocasset
1123 2215 1225 2282 vel
1270 2214 1585 2299 paulisper
1630 2221 1869 2281 tantum
1912 2216 2268 2281 immutatas
2300 2236 2489 2283 voces
2524 2217 2634 2282 ad-

497 2330 549 2394 1ιί
565 2334 805 2394 Ιῃιῐεμῡῑ..
897 2350 1019 2414 qua
1064 2332 1126 2395 in
1173 2352 1238 2396 re
1287 2330 1593 2415 quomodo
1641 2330 1945 2397 declarari
1989 2337 2209 2414 potest,
2264 2330 2432 2414 quod
2479 2332 2632 2398 ordo

500 2450 817 2510 verborum
865 2447 1226 2513 artificiosus
1269 2446 1538 2512 naturali
1583 2445 1943 2529 praefertur,
1989 2446 2107 2511 nisi
2147 2446 2418 2512 studium
2448 2446 2633 2532 hujus

497 2562 685 2642 ipsine
737 2562 821 2626 rui
867 2561 1262 2627 statuendum
1308 2580 1446 2628 esse
1492 2560 1888 2628 conceditur?
1971 2567 2297 2643 praeterea
2340 2561 2405 2626 in
2450 2582 2634 2627 voca-

501 2678 649 2738 nulia
717 2701 761 2742 m
777 2676 1089 2743 dlocandis
1156 2674 1326 2742 haud
1391 2678 1687 2760 exiguum
1754 2680 2133 2742 momentum
2198 2676 2632 2758 significationi

497 2794 818 2854 werimum
863 2793 1155 2875 ipsorum,
1203 2792 1423 2875 quibus
1468 2798 1683 2858 auctor
1727 2810 1874 2856 usus
1914 2796 2025 2872 est,
2070 2790 2462 2857 tribuendum
2493 2811 2631 2859 esse

493 2910 673 2975 sanila
721 2908 991 2990 intellegi
1037 2913 1259 2990 potest.
1351 2906 1594 2991 scripsit
1638 2906 1939 2973 Catullus:

713 3050 906 3106 LXIV.
933 3052 1055 3107 279.
1106 3047 1361 3106 Advenit
1399 3049 1603 3106 Chiron
1641 3052 1867 3117 portans
1907 3049 2185 3104 silvestria
2222 3050 2365 3105 dona

709 3139 907 3195 LXVI.
935 3142 985 3196 1.
1039 3139 1231 3195 Omnia
1272 3141 1367 3208 qui
1402 3140 1591 3207 magni
1630 3139 1873 3207 dispexit
1908 3138 2116 3194 lumina
2150 3139 2338 3193 mundi

497 3259 661 3335 prius
709 3255 1060 3336 exemplum
1105 3255 1363 3337 praebet
1409 3254 1875 3320 collocationem
1920 3253 2294 3336 naturalem,
2351 3255 2631 3320 artificio-

493 3391 621 3431 sam
673 3371 951 3435 altorum.
1020 3370 1217 3452 potuit
1247 3370 1713 3436 alterumutrum
1745 3368 1979 3450 evitari,
2010 3368 2062 3433 si
2093 3377 2281 3452 poeta
2315 3370 2633 3435 vocabulis

497 3507 817 3567 finanum,
867 3484 1128 3551 cuncta“
1179 3504 1292 3567 pro
1336 3484 1484 3566 illis,
1544 3503 1704 3566 quae
1750 3483 2032 3548 adhibuit
2082 3483 2289 3567 „dona
2297 3533 2315 3567 ‚
2360 3484 2631 3567 omnia“‚

493 3623 637 3663 unua
695 3607 872 3667 efflet.
966 3599 1087 3665 hac
1142 3599 1308 3665 enim
1363 3599 1726 3665 condicione
1773 3597 1847 3676 Q.
1896 3600 2182 3665 Valerius
2244 3598 2451 3665 facere
2507 3620 2633 3666 non

493 3725 745 3795 poterat,
797 3715 941 3799 quin
986 3714 1379 3781 artificiosam
1416 3734 1698 3779 normam
1741 3715 1804 3780 in
1834 3715 2053 3798 priore,
2100 3716 2166 3779 in
2212 3714 2407 3779 altero
2452 3721 2630 3779 natu-

493 3831 685 3895 ralem
733 3836 1104 3911 sequeretur.
1175 3829 1290 3895 sed
1334 3829 1488 3895 illud
1534 3849 1776 3913 quoque
1822 3828 2074 3896 evenire
2127 3828 2327 3912 potuit
2383 3836 2450 3895 ut
2491 3829 2631 3913 hae,

493 3943 569 4007 tle
637 3947 853 4027 quibua
915 3943 1327 4029 disputamus,
1399 3945 1726 4013 verborum
1789 3943 2224 4010 collocationes
2284 3966 2328 4011 a
2384 3944 2628 4011 Catullo
