3000 4500
186 1881 340 2021 Veteres
363 1954 552 2021 Graecorum
573 1955 814 2038 Latinorumque
843 1957 1008 2048 scriptores
1035 1957 1068 2022 in
1095 1958 1258 2024 verborum

189 2071 392 2136 eolloealione
408 2071 592 2153 quibusnam
609 2071 745 2136 artificiis
768 2073 816 2137 usi
838 2073 899 2138 sint
917 2072 986 2158 jam
1008 2072 1129 2156 pridem
1152 2076 1260 2139 avitis

188 2185 286 2253 doctis
309 2186 483 2269 quaesitum
505 2191 561 2252 est.
609 2207 683 2252 nam
710 2207 773 2254 non
799 2188 869 2253 illos
891 2193 1011 2254 tantum
1033 2188 1169 2272 ordines,
1198 2189 1258 2272 qui,

188 2323 281 2385 quum
304 2308 416 2367 natura
439 2300 518 2368 duoe
542 2301 692 2386 oriantur,
716 2302 858 2368 omnibus
880 2302 913 2367 in
934 2303 1047 2385 linguis
1070 2304 1260 2369 usitatissimi
1298 2387 1301 2391 λ

187 2425 266 2501 sunt,
290 2417 430 2484 adhiberi
452 2416 603 2501 videmus,
626 2417 683 2483 sed
703 2419 767 2484 alia
781 2438 903 2501 quoque
918 2418 1128 2483 collocationis
1142 2439 1261 2501 genera

186 2553 338 2617 persaepe
354 2532 559 2616 inveniuntur,
582 2533 740 2616 inquibus
760 2554 823 2598 non
839 2532 967 2598 dubium
981 2539 1029 2598 est
1043 2534 1117 2616 quin
1132 2535 1261 2617 soriptor

186 2649 322 2715 studium
337 2648 487 2713 naturalis
502 2648 666 2714 verborum
682 2649 773 2714 seriei
788 2647 936 2715 vitandae
952 2655 1076 2714 seoutus
1092 2650 1140 2714 sit.
1177 2649 1260 2732 quod

187 2764 323 2830 maxime
339 2784 360 2828 a
374 2763 474 2846 poetis
496 2762 612 2828 foetum
636 2783 704 2829 esse
728 2769 970 2830 consentaneum
993 2770 1048 2846 est,
1073 2766 1186 2847 quippe
1208 2766 1260 2846 qui

190 2899 284 2964 quum
299 2879 402 2944 multis
418 2878 487 2944 aliis
503 2880 603 2962 rebus,
627 2881 779 2963 commoti,
807 2880 886 2946 inter
908 2900 986 2962 quas
1008 2879 1149 2945 afflatum
1172 2880 1260 2962 quasi

187 2994 334 3079 divinum,
356 2995 408 3077 qui
426 2995 459 3060 in
474 2993 599 3060 dicendi
619 2994 833 3077 scribendique
849 3002 915 3061 arte
931 3016 993 3060 non
1010 2996 1098 3078 parvi
1113 2996 1261 3061 momenti

187 3117 248 3192 est,
282 3130 503 3194 commemoro,
533 3116 598 3174 tum
620 3110 758 3193 vinoulo,
792 3109 874 3192 quod
897 3111 930 3175 in
952 3111 1057 3175 metris
1085 3117 1133 3176 est
1159 3112 1260 3193 situm,

187 3226 287 3291 ooaoti
314 3225 451 3291 maxime
478 3224 685 3307 facillimeque
712 3225 886 3291 naturalem
916 3226 1078 3291 verborum
1111 3225 1259 3307 ordinem,

189 3341 290 3424 qualis
314 3362 354 3407 ex
376 3348 507 3406 naturae
530 3340 651 3423 legibus
673 3341 752 3406 ultro
776 3361 845 3407 sese
868 3341 971 3423 offert,
995 3341 1074 3405 serie
1097 3340 1262 3406 artificiosa

183 3462 307 3523 mutare
338 3458 465 3539 possint.
512 3463 605 3539 atque
636 3477 677 3521 ex
706 3456 809 3521 latinis
839 3457 938 3539 poetis
961 3456 1116 3521 Catullum
1143 3457 1262 3539 praeei-

186 3592 258 3656 pue,
281 3593 322 3637 ex
345 3592 406 3654 quo
429 3569 533 3636 studia
554 3592 626 3637 mea
648 3570 691 3636 ad
713 3570 852 3654 lepidum
874 3571 967 3656 hujus
989 3577 1101 3655 poetae
1123 3573 1261 3638 libellum

186 3687 329 3755 conferre
354 3687 453 3773 coepi,
476 3687 508 3752 in
524 3686 687 3751 verborum
702 3687 905 3753 oollooatione
922 3693 1023 3752 eertas
1045 3707 1169 3753 normas
1192 3688 1263 3752 arti·

186 3803 310 3868 fieiosas
341 3801 520 3867 adhibuisse
551 3821 645 3883 quum
677 3802 866 3868 intellexisse
900 3802 976 3867 milri
1009 3802 1146 3884 viderer,
1182 3801 1264 3867 hano

187 3938 254 3983 rem
282 3916 411 4001 dignam
440 3937 509 3984 esse
536 3915 658 4000 putavi,
687 3915 727 3981 de
755 3937 820 3999 qua
846 3916 1024 3983 adcuratins
1052 3917 1192 4000 quaestio
1219 3917 1263 3981 in-

187 4033 374 4101 stitueretur.
420 4053 481 4116 quo
509 4033 541 4098 in
567 4032 691 4114 negotio
719 4031 840 4096 initium
862 4032 1040 4099 sapiendum
1062 4052 1132 4098 esse
1158 4032 1264 4098 oensui

1066 4141 1102 4197 1*
