3000 4500
190 1899 343 2038 Veteres
366 1972 555 2038 Graecorum
577 1971 817 2054 Latinorumque
847 1972 1011 2063 scriptores
1039 1972 1071 2037 in
1098 1973 1262 2039 verborum

192 2088 395 2153 collocatione
411 2088 595 2170 quibusnam
613 2087 749 2153 artificiis
772 2087 819 2153 usi
842 2088 903 2153 siut
920 2088 990 2173 jam
1012 2087 1132 2171 pridem
1155 2091 1264 2154 avitis

191 2203 290 2270 doctis
313 2203 486 2286 quaesitum
509 2208 565 2269 est.
612 2224 686 2268 nam
713 2224 776 2269 non
803 2203 872 2269 illos
894 2209 1014 2269 tantum
1037 2204 1173 2288 ordines,
1202 2205 1263 2288 qui,

192 2340 285 2403 quum
307 2325 420 2384 natura
443 2318 522 2384 duce
545 2318 696 2402 oriantur,
720 2320 861 2384 omnibus
884 2319 915 2382 in
938 2319 1051 2401 linguis
1073 2320 1264 2385 usitatissimi
1302 2403 1304 2406 Ι

191 2442 269 2519 suut,
293 2434 433 2501 adhiberi
456 2433 606 2518 videmus,
630 2434 688 2500 sed
706 2435 770 2499 alia
785 2455 906 2517 quoque
922 2434 1132 2500 collocationis
1146 2455 1265 2517 genera

190 2570 342 2634 persaepe
357 2549 562 2632 inveniuntur,
586 2550 619 2613 iu
634 2549 743 2631 quibus
764 2570 827 2614 non
842 2548 971 2615 dubium
985 2556 1032 2615 est
1047 2551 1121 2632 quin
1136 2551 1265 2632 scriptor

190 2666 326 2732 studium
340 2665 491 2731 naturalis
506 2664 669 2730 verborum
686 2665 777 2730 seriei
792 2664 940 2731 vitandae
956 2671 1080 2730 secutus
1096 2666 1144 2730 sit.
1181 2664 1264 2747 quod

191 2782 327 2847 maxime
343 2780 478 2863 anoctis
500 2779 617 2844 factum
640 2799 709 2846 esso
732 2784 974 2846 consentaneum
997 2785 1052 2862 cst,
1077 2780 1190 2862 quippe
1212 2781 1264 2862 qui

194 2916 288 2981 quum
303 2896 406 2961 multis
422 2895 491 2961 aliis
506 2896 607 2978 rebus,
630 2896 784 2979 commoti,
811 2897 890 2962 inter
912 2916 990 2978 quas
1013 2894 1153 2960 afflatum
1176 2895 1264 2977 quasi

191 3011 338 3096 divinum,
360 3012 411 3094 qui
430 3010 602 3076 indicendi
623 3010 837 3093 scribendique
854 3017 920 3077 arte
935 3032 997 3076 nou
1014 3011 1102 3093 parvi
1118 3011 1265 3076 momenti

191 3134 252 3211 est,
285 3146 507 3210 commemoro,
537 3132 602 3190 tum
625 3127 762 3208 vinculo,
796 3125 878 3208 quod
901 3127 933 3189 in
956 3127 1061 3191 metris
1090 3132 1137 3192 cst
1163 3127 1264 3208 situm,

191 3243 291 3309 coacti
318 3243 455 3308 maxime
482 3241 690 3324 facillimoque
717 3241 891 3306 naturalem
920 3241 1083 3306 verborum
1115 3240 1263 3322 ordinem,

194 3358 294 3442 qualis
317 3379 358 3424 ex
380 3364 512 3422 naturae
535 3356 655 3440 legibus
678 3357 757 3421 ultro
781 3376 850 3421 sese
873 3356 975 3438 offert,
999 3356 1078 3421 serie
1102 3355 1267 3420 artificiosa

187 3480 311 3540 mutarc
342 3474 470 3556 possint.
516 3479 609 3554 atque
641 3493 681 3537 cx
711 3472 814 3536 latinis
844 3473 943 3554 poetis
966 3471 1121 3536 Catullum
1148 3472 1266 3555 pracci-

190 3609 262 3673 pue‚
285 3610 326 3654 ex
349 3609 410 3671 quo
434 3587 538 3653 studia
558 3608 631 3653 mea
654 3586 696 3652 ad
717 3586 857 3669 lepidum
879 3586 971 3671 hujus
993 3592 1105 3670 poetae
1127 3588 1266 3652 libellum

191 3704 334 3772 conferre
358 3704 457 3790 coepi,
480 3704 512 3768 iu
528 3703 692 3768 verborum
707 3703 909 3767 collocatione
927 3708 1028 3767 certas
1050 3722 1174 3768 normas
1197 3701 1268 3766 arti·

191 3821 314 3886 liciosas
346 3818 525 3884 adhibuisse
555 3837 650 3899 quum
682 3817 871 3883 intellexisse
906 3817 981 3882 mihi
1014 3817 1150 3898 viderer,
1187 3816 1268 3881 hanc

191 3947 259 4001 rem
286 3935 416 4018 dignam
444 3954 514 4001 esse
541 3931 663 4016 putavi,
693 3931 732 3998 de
760 3952 824 4015 qua
852 3932 1030 3999 adcuratius
1057 3931 1197 4016 quaestio
1224 3932 1268 3994 iu-

192 4051 378 4118 stitueretur.
425 4069 486 4133 quo
514 4050 545 4113 in
571 4048 697 4131 negotio
724 4048 845 4113 initium
867 4048 1045 4114 faciendum
1068 4067 1137 4114 cssc
1163 4046 1269 4113 censui

1071 4155 1108 4212 1*
