3000 4500
621 152 843 258 441-

199 388 228 453 1.
256 406 415 454 caesura
435 394 522 473 post
544 389 647 472 prius
670 389 894 454 attributum
915 386 1042 453 sedern
1065 385 1268 470 occupavit

639 538 658 576 a
678 511 682 599 1
702 514 733 577 Β
755 514 772 576 b
797 514 827 577 A

196 643 275 710 haec
298 650 440 728 quattuor
463 647 608 730 exempla
631 647 842 712 inveniuntur:

306 762 406 817 LXIV.
415 765 476 819 265.
491 763 606 819 Talibus
621 759 758 833 amplifice
771 763 859 817 vestis
872 763 1004 816 decorata
1016 757 1122 829 figuris.
1139 760 1267 816 LXVIII.
1349 780 1353 788 ·

357 854 399 907 91.
425 853 551 908 LXXVI.
572 855 596 907 1.
621 852 805 907 LX'XXXVI.
823 855 849 906 5.

195 948 428 1015 collocationem
452 949 648 1014 artificiosam
671 949 749 1012 ultro
774 947 944 1014 adhibitam
972 967 1041 1013 csse
1069 946 1142 1013 inde
1171 947 1268 1013 mani-

195 1063 307 1129 festum
338 1064 389 1142 fit,
423 1064 508 1146 qued
541 1064 715 1129 naturalem
749 1063 831 1128 hane
859 1070 984 1147 poetam
1017 1062 1105 1144 sequi
1132 1062 1267 1127 noluisse

194 1178 350 1245 videmus:

242 1295 387 1361 LXVHI.
406 1297 458 1360 91.
484 1294 613 1372 Quaene
637 1297 729 1362 etiarn
754 1302 857 1361 nostro
881 1296 967 1360 fratri
982 1296 1157 1376 miserabile
1173 1294 1268 1360 letum

195 1409 277 1475 aliae
301 1409 415 1476 deinde
438 1411 558 1494 figurae
581 1411 725 1495 componi
747 1418 913 1495 potuerunt
934 1409 1009 1476 hac:

638 1524 824 1614 111111

239 1642 384 1707 LXVIII.
402 1644 454 1706 91.
480 1640 609 1718 Quaene
633 1643 727 1707 ctiam
750 1642 845 1708 letum
868 1648 972 1707 nostro
990 1642 1166 1708 miserabile
1181 1642 1269 1706 fratri

238 1756 447 1822 LXXXXVI.
461 1760 492 1822 5.
514 1757 605 1823 Certe
629 1777 691 1822 non
714 1765 762 1823 est
784 1777 866 1823 mors
887 1764 973 1822 tanto
989 1758 1154 1821 immatura
1170 1756 1268 1822 dolori

636 1874 665 1937 A
686 1871 690 1959 1
711 1874 736 1937 Β
762 1893 782 1936 a
804 1875 823 1938 b

238 1988 382 2054 LXVIII.
400 1990 452 2053 91.
479 1988 607 2065 Quaene
631 1988 725 2054 etiam
747 1989 842 2054 letum
866 1989 953 2053 fratri
974 1988 1150 2055 m'rscrabile
1165 1995 1268 2054 nostro

358 2122 360 2127 ·
636 2105 665 2168 Α
686 2101 690 2190 1
710 2106 736 2168 Β
761 2106 780 2168 b
804 2125 824 2168 a

237 2221 381 2287 LXVIII.
399 2222 452 2286 91.
477 2220 606 2297 Quaene
629 2220 723 2287 etiam
746 2222 834 2287 fratri
855 2222 950 2287 letum
972 2220 1148 2287 miserabile
1163 2226 1267 2286 nostro

193 2336 307 2402 deinde
323 2336 508 2402 monendum
526 2343 573 2403 est
588 2337 648 2401 hac
664 2357 786 2419 quoque
807 2338 839 2402 in
854 2339 954 2419 ligura
974 2344 1136 2417 utrumque
1153 2341 1268 2418 poetae

101 2501 104 2510 .
193 2451 342 2534 studium,
371 2452 454 2533 quod
482 2453 607 2535 saepius
631 2454 700 2538 jam
730 2454 944 2536 cognovimus,
976 2453 1065 2518 alteri
1092 2451 1266 2535 oppositum

193 2573 287 2648 atque
311 2568 496 2632 contrarium
519 2588 597 2633 esse.
642 2569 689 2633 bis
712 2569 794 2633 enim
818 2574 962 2648 quattuor
984 2569 1103 2652 figurae
1126 2567 1266 2633 membra

193 2689 380 2749 coacervata
409 2689 492 2765 sunt,
521 2683 568 2748 bis
596 2684 735 2764 quintum
762 2683 947 2748 vocabulum
974 2683 1179 2749 intermissum
1209 2687 1265 2748 est.

193 2797 347 2865 duriorem
371 2799 576 2865 membrorum
600 2800 710 2866 seriem
734 2799 761 2864 si
783 2798 977 2866 hemistichia
993 2799 1104 2865 melius
1120 2798 1267 2864 constrin-

193 2934 268 2997 gere
291 2914 447 2996 noluisset,
471 2920 565 2996 poeta
587 2915 631 2980 sic
654 2915 773 2982 evitare
794 2916 906 2998 potuit:

237 3029 380 3094 LXVIII.
399 3032 451 3094 91.
475 3031 588 3096 Nostro
612 3049 733 3111 quaene
758 3031 851 3095 etiam
875 3031 969 3095 letum
989 3029 1166 3095 miserabile
1181 3028 1267 3094 fratri

237 3144 446 3209 LXXXXVI.
460 3145 491 3210 5,
515 3145 617 3209 Tanto
639 3164 702 3209 non
722 3151 807 3211 certe
828 3166 909 3211 mors
927 3147 1092 3210 immatura
1107 3145 1205 3209 dolori
1220 3149 1267 3210 est

193 3259 328 3341 reliquas
350 3259 473 3343 figuras,
498 3278 579 3340 quac
602 3259 683 3325 effici
705 3266 850 3342 poterant
872 3261 1060 3344 permultae,
1083 3280 1266 3327 enumcrare

192 3375 320 3459 longum
343 3380 400 3441 est.
447 3374 573 3440 alterius
597 3374 710 3441 deinde
733 3377 867 3459 genens,
891 3378 922 3440 in
946 3395 1007 3456 quo

419 3542 449 3606 9.
483 3561 645 3608 caesura
672 3544 709 3609 in
737 3544 860 3610 medio
888 3544 1041 3627 ponitur
1075 3605 1079 3630 ι
1158 3616 1166 3634 .-

637 3665 826 3755 ablAB
964 3621 1177 3776 (11311411

192 3792 337 3875 exempla
359 3792 438 3856 haec
462 3791 573 3857 afferre
596 3810 720 3874 possum
745 3799 878 3875 septem:

264 3909 364 3964 LXIV.
385 3911 425 3963 19.
458 3909 529 3962 Tum
548 3908 673 3961 ’1116111111
692 3907 793 3962 Peleus
815 3910 947 3963 incensus
966 3909 1053 3966 fertur
1070 3926 1169 3965 umore.
1204 3912 1264 3967 107.

355 3999 412 4055 143,
434 3999 494 4053 179.
514 3998 575 4054 403.
602 3996 728 4054 LXVIII.
747 3998 792 4052 43.
812 3999 855 4053 61.
