3000 4500
1421 218 1510 228 -.-
1602 183 1688 248 30
1776 218 1866 228 ....

1458 377 1518 442 Α
1558 375 1568 463 Ι
1606 378 1648 443 b
1691 378 1747 443 B
1792 399 1835 443 a

673 498 863 558 mill.
897 498 1003 562 46.
1053 493 1209 560 Cum
1253 493 1468 560 florem
1514 493 1721 559 amisit
1762 494 1997 577 polluto
2043 514 2296 578 corpore
2342 500 2580 560 castum

671 614 889 674 Lim-³.
929 612 1075 678 239.
1124 608 1374 675 Thesea
1418 629 1532 675 seu
1575 609 1771 675 nubes
1815 615 2137 676 ventorum
2191 609 2443 676 flamine
2494 609 2714 693 pulsae

781 778 793 790 .
925 727 1070 791 370.
1118 725 1409 810 Projieiet
1453 744 1674 806 corpus
1719 726 2042 791 summisso
2087 725 2319 809 poplite
2364 731 2647 790 truncum
2741 747 2750 752 “

982 892 1015 926 „
1119 841 1355 926 Corpus
1399 840 1682 924 projiciet
1725 840 2048 906 summisso
2095 841 2327 924 poplite
2370 847 2653 905 truncum

673 962 717 1022 I
729 962 857 1022 lile.
905 959 1000 1022 19.
1049 956 1135 1021 Ut
1178 955 1410 1020 malum
1455 955 1665 1038 sponsi
1709 955 1932 1020 furtivo
1977 975 2230 1022 munere
2275 956 2529 1021 missum

677 1078 717 1134 i
729 1074 889 1138 31.qu
929 1074 1032 1137 33.
1079 1071 1283 1153 Atque
1330 1071 1415 1135 ibi
1459 1092 1561 1135 me
1608 1069 1769 1136 divis
1813 1090 1925 1153 pro
1972 1069 2138 1136 dulci
2183 1070 2450 1156 conjuge
2481 1070 2717 1136 cunctis

585 1230 903 1298 prnsffwrsa
947 1215 1106 1280 inter
1136 1212 1414 1278 ordinem
1458 1212 1827 1295 parallelum
1857 1212 2134 1294 interque
2165 1213 2535 1278 contrarium
2564 1211 2719 1276 nihil

581 1334 873 1394 inusitatas
909 1329 1050 1396 inde
1082 1329 1474 1412 intellegitur,
1518 1327 1685 1411 quod
1722 1329 1785 1392 in
1816 1328 1922 1393 illo
1960 1327 2121 1395 haec
2149 1328 2340 1394 series
2369 1328 2566 1393 vitata
2595 1333 2718 1394 est:

677 1474 893 1534 Milli.
929 1474 1076 1538 245.
1125 1471 1352 1535 Immiti
1397 1468 1658 1536 credens
1702 1471 1996 1535 amissum
2042 1469 2290 1535 Thesea
2333 1469 2462 1534 fato

581 1618 673 1682 nni
721 1612 1053 1698 1·÷.1.÷÷1mndet
1090 1613 1257 1696 quod
1300 1613 1362 1677 in
1395 1612 1591 1678 altero
1631 1612 1832 1676 minus
1871 1618 2052 1694 aptus
2081 1611 2181 1676 hic
2214 1609 2366 1677 ordo
2395 1611 2563 1677 visus
2593 1620 2717 1678 est:

677 1758 781 1818 1431
793 1758 893 1818 Ἡ.
937 1758 1039 1821 33.
1087 1755 1291 1837 Atque
1337 1754 1422 1819 ibi
1466 1774 1579 1837 pro
1624 1752 1790 1818 dulci
1834 1773 1934 1818 me
1982 1754 2215 1818 cunctis
2260 1752 2526 1838 conjuge
2557 1751 2720 1819 divis

585 1902 845 1978 clusinus
913 1897 1384 1964 multitudinemae
1423 1896 1707 1961 ordinum
1770 1895 1918 1961 nodi
1979 1895 2217 1962 ratione
2286 1895 2497 1961 durius
2555 1915 2719 1962 com—

582 2018 917 2098 p:‚÷sin.·1·1un
977 2013 1188 2095 aliqua
1235 2034 1314 2078 ex
1358 2019 1535 2096 parte
1582 2012 1853 2095 perbene
1900 2012 2182 2077 excusari
2228 2011 2513 2097 uidimus.
2604 2012 2715 2077 ita-

581 2150 701 2210 quo.
751 2134 805 2194 in
861 2130 951 2194 his
997 2147 1242 2210 quoque
1289 2128 1588 2210 exemplis
1634 2125 1784 2192 ordo
1829 2126 2168 2208 parallelus
2206 2126 2567 2210 repudiatus
2595 2133 2713 2193 est:

673 2275 893 2335 ΒΕΖΗ-Τ.
933 2274 1079 2337 239.
1127 2271 1377 2338 Thesea
1421 2277 1744 2337 ventorum
1789 2290 1901 2336 seu
1944 2270 2162 2352 pulsae
2217 2269 2468 2335 flamine
2522 2269 2718 2335 nubes

673 2391 893 2451 LXVI.
933 2388 1035 2454 81.
1083 2386 1339 2452 Tradite
1386 2386 1623 2471 rejecta
1666 2384 1973 2450 nudantes
2017 2391 2190 2450 veste
2236 2385 2504 2468 papillas

589 2531 901 2595 Luni-clins
945 2528 1108 2593 hanc
1145 2528 1425 2611 figuram,
1474 2527 1554 2593 dc
1602 2547 1727 2610 qua
1764 2527 1901 2613 jam
1946 2528 2097 2592 satis
2143 2526 2373 2592 dictum
2418 2534 2530 2611 est,
2575 2526 2716 2592 arti-

585 2647 853 2711 sicimam
905 2645 1115 2726 rarius,
1163 2644 1471 2726 Vergilius
1517 2644 1765 2725 saepius
1810 2640 2168 2708 adhibuisse
2199 2642 2486 2736 videntur
2530 2662 2717 2726 quam

585 2763 877 2823 Cantilius.
969 2779 1117 2824 nam
1161 2759 1227 2823 in
1270 2759 1548 2825 versibus
1557 2808 1574 2841 ,
1623 2777 1777 2840 quos
1820 2757 2128 2840 respicere
2175 2758 2504 2841 voluimus,
2559 2757 2718 2823 haec

585 2879 869 2955 cxfflnpla
917 2874 1308 2939 inveniuntur
1361 2911 1449 2919 ——
1497 2873 1576 2941 de
1622 2893 1826 2940 rerum
1871 2878 1999 2937 nat.
2047 2874 2151 2939 lib.
2198 2874 2250 2938 I.
2300 2876 2361 2939 9.
2412 2875 2515 2939 37.
2571 2875 2714 2939 196.

585 2995 729 3055 491.
789 2994 933 3055 TIS.
982 2991 1130 3056 816.
1184 2991 1374 3056 1031.
1422 3027 1512 3036 —-
1558 2990 1844 3073 Georgic.
1893 2990 1997 3056 lib.
2041 2991 2090 3054 Ι.
2143 2992 2247 3055 20.
2298 2992 2403 3055 22.
2452 2988 2560 3055 43.
2610 2991 2715 3055 66.

589 3107 689 3171 ῗῑῖ.
731 3111 829 3171 ῖ4.
869 3107 969 3171 iffi.
1010 3106 1156 3170 124.
1194 3107 1340 3171 160.
1381 3107 1526 3171 162.
1579 3108 1723 3172 186.
1772 3108 1921 3172 218.
1968 3106 2117 3171 224.
2169 3107 2317 3171 291.
2368 3106 2517 3171 345.
2566 3105 2716 3170 410.

585 3227 733 3283 4-Π,
785 3223 933 3287 -1ῖ2,
982 3223 1113 3287 495
1159 3259 1247 3267 -
1285 3220 1423 3307 jam
1469 3241 1618 3288 vero
1665 3227 2053 3288 transeamus
2098 3219 2183 3287 ad
2231 3220 2493 3288 alterum
2535 3218 2721 3307 hujus

585 3335 814 3419 figurat!
865 3356 1078 3419 genus,
1127 3335 1293 3418 quod
1340 3336 1603 3403 efficitur

1065 3561 1124 3623 2.
1197 3577 1518 3625 caesura
1562 3557 1887 3626 medium
1929 3565 2243 3628 tenente

1468 3725 1507 3764 a
1549 3702 1583 3766 b
1626 3699 1634 3789 Ι
1675 3703 1737 3767 Β
1782 3703 1845 3767 Α

585 3867 745 3931 quac
801 3847 1000 3927 figura
1055 3851 1118 3912 et
1171 3846 1308 3928 ipsa
1363 3844 1427 3909 in
1480 3845 1852 3911 carminibus
1907 3844 2269 3911 Catullianis
2325 3843 2726 3912 usitatissima

585 3971 693 4028 est.
789 3983 933 4027 nam
979 3960 1075 4028 his
1118 3960 1428 4026 invenitur
1469 3960 1623 4026 locis
1668 3961 1884 4043 viginti
1930 3966 2242 4043 quattuorz
