3000 4500
577 338 710 404 ...35
755 376 801 385 -

245 533 403 617 Quidquid
431 534 471 600 de
498 535 558 602 illis
584 535 705 618 figuris,
733 533 899 616 inquibus
926 533 1120 599 substantiva
1142 532 1225 599 attri-

153 651 234 717 butis
263 656 499 734 postponuntur,
533 649 697 717 dicendum
726 669 796 717 osse
826 650 947 733 putavi,
981 649 1014 714 id
1042 669 1133 716 omne
1156 649 1171 734 j

153 765 343 850 accuratius
365 773 398 831 ut
420 768 519 850 potui,
543 767 715 849 expositum
739 771 796 832 est.
843 765 988 848 exempla
1010 786 1085 832 vero
1108 766 1226 831 circiter

153 887 275 947 centum
310 882 438 965 singulis
468 881 636 965 figurarum
663 881 830 965 generibus
857 902 878 947 a
905 881 993 947 nobis
1021 879 1118 947 allata
1145 887 1224 946 sunt

154 1017 237 1080 qnae
264 1018 381 1080 genera
408 988 552 1063 libentius
580 998 699 1081 captari
722 1017 817 1079 quam
838 997 1025 1079 reliquarum
1049 998 1226 1080 figurarum,

153 1113 227 1179 inde
250 1114 446 1180 manifestum
468 1113 511 1195 fit,
534 1112 618 1195 quod
640 1115 673 1178 In
694 1113 756 1179 illis
776 1114 855 1179 alias
870 1133 993 1219 quoquc
1009 1113 1228 1179 collocationes

154 1235 249 1312 poeta
270 1229 359 1314 sequi
381 1230 492 1313 potuit,
516 1230 549 1294 in
571 1230 698 1311 reliquis
721 1249 880 1313 nunquam
903 1228 993 1312 hane,
1018 1228 1058 1295 de
1082 1250 1145 1312 qua
1168 1228 1228 1294 dis·

155 1347 341 1428 putavimus,
365 1346 477 1415 senem
492 1347 593 1410 minus
607 1344 800 1428 probandam
817 1365 886 1412 csse
902 1345 1099 1410 existimavit.
1132 1344 1229 1409 multo

156 1460 270 1528 deinde
292 1461 392 1528 minor
415 1466 461 1527 cst
483 1480 629 1527 numerus
645 1461 857 1544 exemplorum
872 1460 990 1543 figurae
1005 1461 1096 1543 illius,
1118 1460 1151 1524 in
1166 1479 1229 1543 qua

216 1661 256 1737 ll.
296 1658 398 1760 prius
427 1659 686 1737 substantivam
714 1659 936 1759 alterumque
964 1657 1175 1736 attributum
1258 1662 1260 1664 ’

549 1792 840 1895 praemittuntur.

246 1970 340 2036 quam
363 1950 561 2034 frequentius,
585 1957 619 2016 ut
642 1950 840 2035 ostendimus,
865 1950 1004 2016 dandus
1026 1957 1154 2035 captare
1176 1972 1230 2035 po·

156 2068 223 2153 tuit,
245 2068 306 2133 nisi
328 2068 469 2150 superius
491 2087 591 2151 genus
614 2067 739 2132 omnino
762 2067 959 2150 praetulisset
981 2072 1013 2133 et
1035 2066 1083 2132 his
1105 2067 1231 2149 quidem

156 2185 189 2251 in
212 2180 368 2251 uorsibus:
397 2183 497 2248 LXII.
520 2186 574 2251 46.
603 2182 716 2248 LXIV.
743 2184 772 2247 7.
797 2184 850 2248 32.
876 2184 928 2247 39.
955 2184 1129 2249 129157.
1156 2184 1230 2249 172.

157 2302 233 2366 239.
251 2302 326 2367 242.
345 2302 420 2366 264.
438 2302 513 2366 332.
531 2301 605 2366 345.
624 2301 699 2364 351.
713 2300 789 2364 370.
811 2298 909 2364 LXV.
924 2300 953 2363 7.
973 2301 1024 2364 19.
1049 2300 1162 2366 LXVI.
1176 2301 1229 2365 33.

156 2415 303 2482 LXVIII.
321 2416 373 2481 67.
392 2415 466 2480 151.
499 2421 530 2481 et
552 2414 612 2480 hac
634 2432 758 2497 quoque
780 2414 813 2479 in
835 2414 988 2497 particula
1009 2415 1141 2498 primum
1164 2415 1230 2496 qui-

159 2527 232 2595 dern
260 2527 400 2593 dicamus
428 2528 468 2595 de
495 2529 635 2596 versibus
663 2530 736 2612 illis,
765 2531 798 2595 in
825 2530 936 2611 quibus
963 2530 1104 2597 membra
1130 2531 1232 2613 posita

156 2644 296 2714 suntad
320 2664 460 2712 normam

452 2873 453 2880 κ
510 2841 539 2895 a.
571 2823 697 2894 ordinis
722 2824 879 2911 paralleli.

251 2966 297 3032 illi
311 2986 386 3033 vero
404 2929 547 3035 versiculi
561 2969 661 3051 primo
675 2968 765 3034 nobis
781 2968 947 3051 colligendi
963 2977 1060 3052 erunt,
1076 2968 1233 3053 inquibus

235 3147 263 3211 1.
299 3165 460 3212 caesura
486 3151 572 3228 post
599 3147 704 3229 prius
731 3147 1011 3214 substantivum
1038 3146 1161 3213 locum

594 3264 801 3347 occupavit

598 3393 798 3482 AleaB.

249 3528 337 3615 cujus
360 3530 479 3614 figurae
501 3530 647 3612 exempla
668 3530 748 3597 haec
770 3530 981 3597 inveniuntur:

267 3666 422 3722 amnne.
441 3666 514 3720 rou
526 3667 625 3721 comus
637 3647 741 3734 gatae
752 3667 1083 3735 regnauerenoreagaza
1096 3666 1159 3725 aaa
1171 3667 1234 3724 aaa.

160 3778 220 3846 hoo
247 3780 280 3845 in
307 3802 422 3865 genere
452 3779 598 3862 alteram,
633 3779 673 3846 dc
707 3800 771 3862 qua
798 3780 946 3867 deinceps
975 3781 1140 3849 diocndum
1168 3783 1234 3867 erit,

160 3897 323 3982 rationem,
337 3897 481 3979 quamvis
496 3895 689 3963 hemistichia
704 3897 815 3964 melius
829 3898 1049 3985 conjunxisset,
1067 3898 1235 3982 repudians

162 4011 303 4078 Catullus
325 4013 459 4080 scribere
482 4013 591 4079 noluit:

206 4137 319 4205 LXIV.
339 4139 415 4207 282.
439 4139 526 4207 Aura
548 4138 630 4223 parit
652 4135 749 4225 lepidi
771 4138 864 4210 fiores
885 4137 1021 4212 secunda
1043 4138 1165 4207 Favoni

431 4297 435 4302 .
1040 4248 1076 4305 a*
