3000 4500
620 276 819 341 „5-

182 471 245 536 dno
267 489 387 552 genera
409 469 628 553 distinguenda
650 477 730 536 sunt.
777 472 907 538 alterum
939 473 1021 538 enim
1043 472 1173 555 praebet
1195 473 1253 539 has

183 590 326 668 quattuor
347 583 471 668 figuras,
494 590 528 649 ut
549 586 594 650 ita
616 585 729 669 diuam,
752 586 923 651 naturales:

581 700 823 765 1.AaBu

580 818 610 880 2.
649 816 721 880 Aa
744 817 764 880 b
787 815 823 880 B.

579 932 609 994 3.
650 930 823 995 aABb.

578 1046 609 1109 4.
649 1046 822 1110 aAbB.

93 1162 100 1174 '
182 1157 221 1224 de
250 1160 359 1242 quihus
387 1179 489 1243 panea
516 1166 637 1225 tantum
665 1159 799 1227 dioenda
826 1168 943 1245 essent,
978 1163 1037 1227 nisi
1070 1163 1251 1245 saepissime

181 1294 244 1339 non
266 1274 332 1340 sine
355 1274 456 1339 studio
480 1275 666 1357 consilioque
689 1276 867 1342 vitarentur.
912 1278 1016 1359 itaque
1043 1277 1132 1343 nobis
1158 1298 1252 1361 quae·

181 1389 312 1454 rendum
335 1396 382 1455 est
405 1389 478 1472 quid
498 1392 578 1457 inter
592 1391 731 1474 singulas
746 1391 804 1457 has
819 1391 935 1474 figuras
949 1393 1107 1459 naturales
1121 1394 1250 1459 intersit.

181 1526 202 1569 a
224 1505 334 1587 quibus
355 1509 511 1588 progressi
533 1513 627 1589 atque
650 1527 813 1572 nnmerum
835 1527 980 1573 versuum
1003 1514 1035 1572 et
1055 1508 1190 1592 illorum,
1219 1510 1252 1574 in

181 1620 291 1703 quibus
312 1621 522 1705 inveniuntur,
548 1628 721 1705 eteorum,
744 1623 922 1705 inquibus,
946 1623 1088 1704 quamvis
1111 1623 1251 1690 adhiberi

181 1736 345 1819 potuerint,
368 1736 550 1818 repudiatae
574 1745 653 1821 sunt,
676 1738 876 1821 respicientes
894 1738 1074 1820 intellegere
1089 1758 1251 1821 possumus

181 1871 275 1932 qnam
303 1852 366 1916 late
394 1857 501 1933 pateat
534 1853 669 1918 studium
702 1853 792 1936 illud,
827 1872 959 1936 quocum
991 1853 1121 1918 alterum
1151 1875 1251 1937 genus

181 1971 330 2048 captetur.
367 1966 456 2050 eujus
479 1972 547 2033 ooto
570 1968 688 2051 figurae
712 1968 896 2033 artifieiosae
919 1968 990 2033 oriri
1007 1950 1145 2050 possunt.
1180 1975 1252 2035 sunt

180 2101 254 2146 vero
277 2080 351 2146 hae:

576 2200 607 2264 5.
646 2198 724 2265 AB
748 2199 821 2265 ab.

577 2318 607 2380 6.
646 2315 724 2379 AB
747 2316 768 2380 b
791 2337 820 2380 a.

578 2432 607 2494 7.
646 2430 821 2495 AbaB.

577 2548 606 2611 8.
646 2545 821 2609 AbBa.
918 2540 921 2547 ’

577 2663 608 2725 9.
647 2681 668 2724 a
689 2660 716 2724 B
739 2659 769 2724 A
791 2661 821 2724 b.

556 2777 607 2840 10.
645 2797 666 2840 a
688 2775 715 2839 B
738 2776 759 2839 b
782 2775 820 2839 A.

556 2890 821 2954 rnaben

557 3005 821 3071 raabam

180 3120 237 3185 has
253 3127 321 3186 ooto
336 3121 452 3202 figuras
463 3120 804 3217 videbimusdatullum
819 3142 882 3186 non
897 3122 966 3203 pari
980 3119 1081 3185 studio
1097 3126 1249 3202 captasse,

180 3234 237 3301 sed
264 3234 324 3301 hae
354 3236 467 3318 rarius,
500 3236 555 3301 illa
587 3235 712 3318 saepius
740 3255 831 3301 usum
858 3255 937 3301 esse.
983 3255 1045 3319 qua
1071 3236 1103 3299 in
1129 3255 1163 3300 re
1192 3235 1250 3300 etsi

179 3356 213 3414 ut
234 3350 316 3415 inira
338 3350 629 3433 demonstrabimus,
657 3350 761 3416 multis
786 3352 941 3434 variisque
963 3351 1056 3416 rebus
1079 3348 1163 3414 haud
1186 3349 1250 3414 exi·

180 3485 276 3547 guum
298 3472 487 3531 momentum
507 3465 709 3532 tribuendum
726 3473 783 3549 est,
805 3466 900 3531 nihilo
915 3466 1017 3530 minus
1032 3465 1142 3530 eleotr‘o
1156 3484 1250 3547 quae-

180 3580 254 3645 dam
268 3588 316 3646 est
331 3580 505 3664 statuenda,
522 3601 616 3663 quam
631 3581 774 3646 videmus
789 3587 913 3664 poetam
929 3601 1038 3645 norma
1053 3579 1250 3646 severissima

179 3695 319 3760 adhibita
347 3702 485 3762 seoutum
515 3716 593 3761 esse.
639 3716 733 3778 quam
754 3702 789 3761 ut
811 3696 994 3762 eleotionem
1017 3714 1249 3778 eognosoamus‚

179 3811 267 3875 nobis
289 3812 322 3874 in
345 3812 428 3876 omni
451 3811 633 3877 artificiosae
661 3810 793 3895 alicujus
823 3810 941 3894 figurae
968 3810 1110 3893 exemplo
1134 3810 1250 3875 exami-

178 3925 318 3990 nandum
341 3927 406 4010 erit
429 3947 503 3992 num
526 3927 620 3992 aliem
643 3946 765 4009 quoque
788 3946 929 3991 normam
945 3925 1141 3992 artificiosam
1156 3930 1250 4008 poeta

178 4041 267 4124 sequi
289 4043 422 4125 potuerit
443 4043 508 4109 sive
530 4042 641 4110 iisdem
663 4042 823 4109 voeabulis
850 4042 915 4108 sive
942 4042 1045 4108 verbis
1066 4040 1172 4125 paullo
1194 4039 1249 4105 im·
