3000 4500
455 379 674 461 quibus
719 381 781 447 in
827 382 1142 450 versiculis
1187 382 1449 466 primum
1496 381 1747 464 quidem
1791 383 1944 449 nihil
1974 383 2221 466 obstitit,
2267 383 2603 464 quominus

456 502 642 578 pocta
685 497 1111 581 simpliciorem
1161 503 1223 563 et
1266 498 1703 581 promptiorem
1759 497 2227 564 collocationem
2281 498 2443 564 hanc
2499 519 2600 564 se·

457 617 769 693 queretur:
1470 630 1477 637 ·

545 734 767 802 LXIV.
810 737 932 801 107
941 785 954 801 .
1018 735 1388 803 Indomitum
1433 739 1621 805 robur
1664 743 2073 820 contorquens
2118 737 2367 802 flamine
2414 737 2597 802 turbo

643 898 672 933 ‚‚
798 852 948 916 403.
1014 851 1240 935 Ignaro
1288 859 1434 917 nato
1479 855 1877 920 substernens
1922 874 1990 919 se
2036 853 2229 937 impia
2272 859 2471 918 mater

458 972 683 1042 deinde
730 974 892 1042 aliae
937 976 1171 1060 figurae
1219 977 1583 1045 artificiosae
1629 978 1750 1045 hae
1798 980 2036 1063 captari
2079 984 2390 1063 poterant:

1340 1102 1397 1166 A
1444 1102 1481 1167 b
1574 1123 1614 1166 a
1657 1105 1711 1168 B

544 1214 767 1280 LXIV.
802 1217 952 1281 403.
1001 1216 1199 1283 Mater
1244 1100 1639 1284 substern'ens
1683 1220 1900 1303 ignaro
1947 1240 2014 1284 se
2060 1218 2253 1303 impia
2296 1223 2445 1282 nato

548 1329 833 1396 LXVIII.
868 1333 974 1399 43.
1023 1333 1154 1399 Nec
1200 1334 1422 1400 saeclis
1468 1335 1711 1419 fugiens
1758 1334 2257 1400 obliviscentibus
2303 1338 2482 1398 aetas

450 1443 588 1531 jam
635 1465 780 1513 vero
825 1447 1127 1531 reliquum
1175 1455 1267 1516 est
1313 1450 1556 1517 tertium
1602 1470 1818 1534 geme,
1865 1451 1929 1516 in
1974 1468 2096 1531 quo

597 1670 656 1734 3.
724 1687 1046 1736 caesura
1090 1677 1260 1755 post
1306 1672 1626 1738 alterum
1673 1673 2127 1738 attributum
2173 1671 2479 1756 ponitur

1345 1838 1384 1876 a
1428 1816 1489 1880 B
1532 1816 1566 1879 b
1608 1789 1721 1902 [Ἀ

461 1953 638 2039 cujus
683 1974 868 2021 unum
915 1961 1150 2022 tantum
1199 1958 1551 2041 exemplum
1601 1957 1832 2023 adferri
1876 1962 2106 2040 potest:

679 2097 878 2163 LXIV,
908 2102 991 2156 72.
1033 2099 1298 2168 Spinosas
1337 2101 1572 2171 Erycina
1611 2116 1804 2156 serens
1841 2101 1895 2155 in
1932 2105 2154 2169 pectore
2192 2113 2350 2154 curas

461 2229 664 2293 neque
712 2211 921 2279 dubito
969 2215 1116 2297 quin
1160 2212 1495 2297 duriorem,
1556 2235 1716 2296 quae
1773 2215 1893 2281 hoc
1944 2215 2008 2280 in
2052 2212 2353 2281 versiculo
2409 2219 2599 2296 extat,

463 2327 786 2393 verborum
832 2330 1295 2397 collocationem
1343 2332 1629 2397 auxiliari
1674 2332 1969 2397 incisione
2014 2367 2103 2377 -—
2148 2329 2215 2394 id
2256 2328 2424 2410 quod
2460 2328 2600 2413 jam

463 2444 710 2527 saepius
779 2445 1044 2512 vidimus
1107 2485 1194 2493 —
1259 2448 1459 2512 laxa-ri
1525 2446 1849 2513 concedas.
1954 2446 2137 2511 totius
2204 2463 2353 2510 vero
2416 2443 2600 2528 hujus

463 2559 692 2627 ordinis
748 2561 982 2645 figurae
1039 2583 1079 2626 a
1121 2564 1408 2629 Lucretio
1465 2564 1530 2628 in
1582 2563 1736 2629 libro
1794 2562 1874 2630 de
1928 2582 2130 2628 rerum
2183 2566 2309 2625 nat.
2402 2560 2599 2643 primo

464 2676 709 2741 omnino
767 2679 998 2745 vitatae
1056 2686 1214 2744 sunt.
1309 2680 1621 2763 Vergilius
1690 2684 1904 2744 contra
1965 2696 2073 2743 eas
2130 2675 2371 2742 Catullo
2430 2674 2602 2740 haud

462 2791 661 2858 rarius
707 2793 1059 2860 adhibuisse
1106 2795 1366 2861 videtur.
1438 2813 1584 2859 nam
1632 2795 1695 2859 in
1730 2793 2014 2875 Georgic.
2063 2792 2216 2856 libro
2262 2792 2459 2875 primo
2505 2790 2601 2855 his

469 2910 613 2970 luris
661 2910 859 2992 ligura
902 2908 1127 2992 prima:
1193 2913 1293 2976 13.
1346 2912 1494 2975 211.
1548 2912 1695 2976 232.
1748 2910 1906 2991 245,
1969 2909 2167 2974 altera
2221 2908 2421 2990 figura
2474 2905 2599 2971 his:

469 3030 569 3086 tils
625 3028 769 3091 2³44.
821 3027 969 3091 337.
1021 3028 1152 3093 380
1196 3026 1514 3110 reperitur.
2657 3041 2668 3043 ’

649 3170 776 3233 Has
823 3174 1029 3233 autem
1079 3167 1234 3233 duas
1289 3168 1548 3250 classeS,
1607 3168 1686 3233 de
1744 3167 1964 3249 quibus
2010 3165 2148 3251 jam
2205 3166 2353 3231 satis
2408 3184 2447 3227 a
2502 3184 2601 3229 me

469 3282 845 3362 disputatum
877 3303 1014 3350 esse
1048 3283 1321 3367 arbitror,
1369 3284 1569 3347 minus
1614 3282 1862 3365 probari
1909 3301 2095 3362 quam
2128 3281 2410 3365 primam,
2454 3278 2602 3344 inde

469 3398 629 3478 :fislpn
645 3405 730 3463 ret
787 3398 952 3481 quod
1008 3399 1111 3464 ubi
1170 3406 1277 3463 aut
1334 3398 1492 3463 haec
1552 3404 1661 3463 aut
1706 3398 1904 3463 altera
1948 3396 2053 3463 vel
2096 3397 2279 3463 tertia
2324 3393 2605 3461 adhiberi

473 3526 722 3598 liutizi-at,
770 3534 1017 3598 semper
1058 3516 1276 3599 prima,
1325 3534 1451 3596 qua
1480 3514 1867 3579 substantiva
1898 3513 2199 3578 attributis
2229 3518 2603 3595 postponun-

469 3638 579 3707 tur,
633 3632 909 3711 praelata
953 3637 1064 3696 est.
1131 3631 1282 3695 nihil
1314 3648 1460 3695 vero
1507 3631 1804 3696 interesse
1850 3629 2010 3695 inter
2051 3630 2309 3694 alteram
2342 3628 2605 3693 classem

469 3751 744 3827 interque
792 3746 1034 3812 tertiam
1082 3753 1145 3811 et
1187 3746 1420 3828 pariter
1472 3746 1614 3810 illas
1661 3744 1941 3810 adhiberi
1984 3743 2130 3810 inde
2175 3743 2453 3826 intellegi
2498 3763 2605 3826 po·

473 3875 613 3943 tvst,
685 3862 851 3945 quod
910 3863 974 3927 in
1034 3863 1236 3946 priore
1295 3862 1731 3928 collocationes
1786 3860 1997 3945 hujus,
2063 3861 2127 3924 in
2190 3859 2388 3923 altera
2443 3858 2607 3923 illius

469 3979 685 4043 elassis
729 3977 1148 4063 repudiantur,
1194 3985 1264 4044 ut
1309 3977 1629 4061 exemplis,
1676 3994 1838 4058 quae
1886 3981 2165 4059 repetere
2212 3975 2461 4057 longum
2494 3979 2605 4055 cst,
