3000 4500
654 197 879 262 ..46-

228 403 480 469 hexametrorum
503 398 738 482 dactylicarum,
763 411 840 476 quos
862 393 1020 462 scamno
1040 400 1229 482 compositos
1251 405 1322 471 for-

229 525 305 584 tuna
328 517 467 584 secunda
489 515 578 581 nobis
601 511 747 594 servavit,
771 509 867 574 multo
890 510 991 595 maj0r
1013 519 1060 579 est
1074 535 1170 597 quam
1192 519 1320 603 elegia.

231 653 345 699 carum.
379 631 500 697 accedit
522 628 606 713 quud
629 628 661 692 in
684 626 733 691 his
752 625 896 691 versiculi
918 628 1023 709 paullo
1046 630 1146 695 rarius
1169 632 1213 696 ad
1236 638 1319 702 arti-

230 748 368 815 ficiosam
389 767 528 813 normam
545 744 647 810 exacti
668 748 748 808 sunt.
778 741 810 807 in
826 740 973 808 vicesimo
989 764 1062 810 vero
1078 747 1168 812 tertio
1184 769 1317 834 quaque

495 992 529 1074 Ι.
565 986 801 1073 collocatio
829 986 1046 1072 naturalis

234 1172 373 1238 adhibita
396 1176 451 1255 est,
474 1171 563 1257 cujus
585 1171 664 1236 haec
688 1169 833 1252 exempla
855 1168 1067 1235 inveniuntur:

306 1375 345 1450 A.
382 1369 472 1448 ardu
501 1369 695 1472 parallelus
723 1364 1021 1468 praecedentibus
1050 1368 1234 1448 attributis

689 1526 857 1592 uAbB

340 1672 441 1729 LXVI.
460 1675 503 1729 36.
534 1672 649 1740 Gaptam
671 1669 770 1726 Asiam
796 1665 924 1739 Aegypti
949 1664 1054 1726 finibus
1082 1671 1235 1728 addiderat.
1264 1679 1309 1732 38.

394 1761 550 1818 LXXVIII.
565 1763 590 1816 6.
618 1759 775 1815 LXXXIII.
795 1761 821 1814 2.

284 1940 323 2018 n.
362 1939 452 2017 ardu
481 1939 683 2017 contrarius
711 1937 894 2017 attributis
922 1937 959 2015 in
987 1938 1105 2016 media
1132 1941 1265 2042 [insitis

575 2164 576 2170 χ
688 2098 856 2163 AabB

342 2243 441 2299 LXVI.
453 2245 495 2300 32.
516 2241 572 2298 Sed
589 2239 682 2298 fratris
703 2243 759 2297 cari
771 2241 864 2298 flebile
880 2241 1034 2299 discidium.
1054 2246 1097 2301 54.
1116 2244 1246 2303 LXVIII.
1262 2246 1305 2303 90.

396 2336 457 2390 132.
481 2332 582 2390 LXIX.
601 2336 627 2390 6.
653 2332 810 2389 LXXVIII.
829 2333 854 2387 4.
881 2333 981 2389 CVIII.
1001 2334 1027 2390 4.

264 2513 298 2591 d.
326 2491 417 2591 ardu
441 2512 643 2592 contrarius
673 2512 907 2593 substantivis
934 2514 972 2591 in
1001 2513 1119 2593 nediu
1147 2516 1279 2616 positis

690 2697 709 2736 a
731 2674 763 2737 A
786 2674 855 2737 Bb

341 2817 441 2873 LXVI.
452 2818 477 2872 6.
496 2816 594 2872 Dulcis
613 2830 689 2871 amor
707 2831 778 2887 gyro
797 2818 913 2873 devocet
930 2817 1013 2872 aerio.
1044 2818 1117 2874 CXL
1135 2821 1162 2874 2.

280 2998 321 3074 n.
359 2996 449 3075 crde
477 2996 673 3099 parallelus
708 2995 1007 3098 praecedentibus
1036 2996 1270 3150 snbstantiris

690 3156 722 3219 A
746 3178 766 3218 a
787 3156 819 3219 B
842 3178 858 3219 c
1116 3143 1256 3265 fissa

344 3300 458 3355 LXXV.
471 3300 496 3355 4.
518 3299 626 3364 Quanto
644 3299 673 3354 in
693 3314 786 3354 amore
804 3305 853 3354 tuo
873 3314 908 3354 ex
925 3305 1004 3367 parte
1022 3302 1133 3368 reperta
1151 3315 1213 3356 mea
1231 3306 1276 3357 est

236 3425 346 3508 quibus
367 3425 400 3490 in
416 3422 660 3506 quattuordecim
680 3423 839 3488 versiculis
861 3421 895 3487 id
917 3423 1049 3505 primum
1072 3422 1147 3489 mihi
1169 3423 1308 3490 animad-

236 3540 418 3607 vertendum
441 3539 564 3605 videtur
585 3539 668 3621 quud
691 3557 768 3622 prae
784 3538 923 3604 versibus
938 3538 1127 3605 hexametris
1146 3538 1308 3626 dactylicis

236 3676 367 3723 caesura
396 3655 522 3739 saepius
548 3661 619 3738 post
647 3654 771 3720 tertium
792 3655 911 3737 figurae
933 3656 1105 3722 membrum
1126 3657 1228 3739 posita
1251 3663 1307 3723 est.

236 3772 350 3839 deinde
378 3771 510 3856 figuram
536 3771 636 3855 illam,
667 3772 700 3836 in
728 3791 791 3855 qua
819 3772 971 3837 attributis
1003 3771 1201 3838 cucumdatis
1232 3771 1308 3839 crdo

237 3888 407 3954 saumarius
430 3888 650 3954 vocabulorum
673 3887 849 3970 exhibetur,
877 3894 1002 3970 poetam
1025 3894 1163 3953 nostrum
1184 3888 1309 3972 reliquis

236 4005 418 4088 praetulisse
447 4024 510 4069 non
537 3990 638 4070 sulum
664 4003 799 4089 majore,
827 4024 909 4087 quae
931 4003 1023 4089 hujus
1045 4005 1169 4088 generis
1192 4011 1308 4086 extant,
