3000 4500
1386 198 1783 261 -6-

510 397 777 458 mutatis.
873 393 1090 475 quibus
1136 392 1418 458 omnibus
1463 391 1598 457 fieri
1642 392 2036 460 manifestum
2081 396 2204 473 est,
2262 397 2331 455 ut
2375 391 2654 474 quaestio

517 510 685 574 liam.
737 530 893 590 quaa
943 507 1020 572 de
1070 507 1280 589 figuris
1313 507 1672 589 artificiosis,
1720 507 2068 590 instituitur,
2115 507 2195 571 sit
2225 506 2655 589 disputationis

513 638 753 686 misti-tw
805 622 986 686 tutius
1030 622 1334 704 particula
1377 623 1769 704 gravissima.
1848 621 2073 687 deinde
2120 623 2323 688 locum
2356 641 2653 687 caesurae

517 738 967 818 rer-:pirivnilum
999 758 1137 804 esse
1170 738 1452 820 adparet.
1525 758 1649 820 qua
1694 739 1759 802 in
1804 758 1870 803 re
1917 738 1969 803 si
2011 739 2255 819 signum
2289 739 2491 803 lineae
2523 757 2661 819 per-

513 854 924 934 pumlivnlziris
971 853 1251 918 adhiberi
1297 853 1678 936 conceditur,
1739 854 1975 935 figurae
2031 857 2279 918 nostrae
2325 858 2651 935 augentur.

513 970 857 1034 r1'1i=:=.im=m1*
902 968 1064 1033 enim
1110 968 1218 1034 illa
1266 968 1344 1033 de
1392 989 1584 1033 causa
1614 975 1710 1034 ter
1740 967 2087 1034 duodecim.
2157 988 2307 1032 nam
2350 967 2416 1033 id
2463 988 2652 1032 unum

517 1086 753 1150 sith-tm·
793 1083 1316 1166 praemonendum
1348 1104 1484 1149 esse
1517 1083 1634 1148 hoc
1666 1085 1820 1165 locO,
1863 1084 1976 1149 etsi
2015 1084 2147 1148 fieri
2176 1090 2395 1166 potest,
2435 1089 2505 1148 ut
2533 1083 2656 1148 duo

513 1218 573 1266 st:
605 1201 987 1265 substantiva
1033 1205 1095 1264 et
1125 1198 1416 1263 attributa
1454 1200 1519 1262 in
1552 1199 1745 1264 altero
1776 1198 2160 1264 hemistichio
2192 1204 2651 1282 coacerventur,

513 1318 685 1378 altri-i
737 1314 881 1378 nihil
923 1315 1040 1379 nisi
1069 1315 1344 1397 verbum,
1390 1315 1749 1397 particulae,
1797 1315 1922 1379 alia
1964 1315 2398 1397 relinquantur,
2445 1321 2655 1380 tamen

513 1434 665 1494 sir-ui
701 1454 729 1494 a
745 1434 777 1494 b
805 1431 1081 1495 munibus
1103 1431 1302 1512 poetis
1327 1430 1534 1495 latinis
1557 1431 1646 1496 ita
1670 1451 1709 1494 a
1728 1430 1968 1496 Catullo
1988 1450 2229 1512 quoque
2254 1430 2445 1495 talem
2468 1430 2655 1496 inele-

517 1550 789 1626 gantius}
841 1552 1008 1610 tanto
1054 1544 1256 1611 studio
1288 1547 1549 1610 vitatam
1579 1565 1717 1611 esse
1749 1545 2048 1628 videmUS,
2095 1552 2161 1610 ut
2196 1567 2275 1610 ne
2307 1565 2498 1610 unum
2529 1547 2656 1628 qui-

517 1662 657 1726 dem
689 1662 865 1742 liujus
893 1660 1056 1731 modi
1088 1661 1440 1743 exemplum
1470 1661 1535 1724 in
1564 1661 1725 1726 illius
1757 1661 2127 1725 carminibus
2157 1661 2418 1726 inveniri
2443 1661 2652 1742 possit.

697 1782 777 1838 stit
825 1777 1045 1841 dixerit
1089 1777 1358 1842 fortasse>
1397 1776 1704 1859 quispiam
1748 1796 1936 1858 quum
1982 1796 2229 1841 omnem
2274 1775 2439 1840 hanc
2472 1795 2656 1858 quae-

517 1894 771 1958 siit-mom
833 1898 957 1954 tum
1013 1897 1256 1973 partem
1312 1891 1511 1973 illam,
1572 1911 1731 1976 quae
1789 1897 2026 1973 spectet
2082 1890 2165 1955 ad
2220 1910 2470 1956 normas
2517 1891 2656 1955 arti-

521 2010 781 2082 striatas,
853 2025 989 2071 esse
1046 2025 1499 2088 supervacuam
1556 2026 1756 2087 neque
1813 2005 2152 2087 quidquam
2211 2007 2361 2071 certi
2407 2005 2657 2087 verique

517 2126 629 2186 har·
681 2126 737 2186 in
793 2142 853 2186 re
901 2120 1142 2186 ostendi
1186 2140 1387 2203 posse,
1435 2140 1625 2202 quum
1670 2121 1849 2185 metri
1890 2140 2083 2185 causa
2114 2127 2177 2186 et
2220 2121 2284 2185 vi
2324 2127 2656 2186 metrorum

517 2247 709 2303 cimai-tl
769 2237 1202 2302 [willecationes
1257 2235 1583 2302 verborum
1639 2235 1740 2301 vel
1786 2235 2101 2302 naturales
2148 2236 2250 2303 vel
2295 2236 2657 2302 artificiosas

517 2367 733 2435 μιέιυῐῃιῖ·
773 2353 1148 2417 admiserint.
1208 2351 1414 2417 audio.
1471 2372 1620 2416 nam
1650 2357 1914 2417 metrum
1942 2351 2209 2433 minime,
2244 2351 2410 2434 quod
2441 2352 2658 2417 attinet

517 2471 597 2531 :id
649 2471 971 2532 't'ffl'lfflrum
1016 2468 1266 2549 seriem,
1325 2468 1842 2533 contemnendum
1888 2488 2025 2534 esse
2072 2468 2219 2532 scio.
2278 2474 2342 2534 et
2384 2468 2655 2533 maxime

517 2587 762 2667 [milleni
817 2587 925 2647 boc
971 2584 1140 2648 valet
1186 2582 1265 2648 de
1312 2582 1474 2666 pede
1522 2584 1731 2668 quinto
1763 2583 2107 2649 hexametri
2138 2582 2447 2667 dactylici.
2516 2582 2655 2647 arti-

521 2699 785 2763 ficiosum
837 2699 999 2763 enim
1044 2698 1373 2764 verborum
1418 2697 1715 2781 ordinem,
1764 2700 2047 2781 quamvis
2092 2699 2251 2764 serie
2289 2698 2656 2780 simpliciore

521 2815 701 2879 rerba
785 2823 1010 2895 ponere
1087 2813 1462 2895 potuissent,
1557 2833 1635 2877 ea
1712 2818 1950 2877 tantum
2006 2812 2103 2887 ‚de
2174 2832 2365 2878 causa
2441 2816 2659 2895 poetas

517 2931 873 3007 saepissime
921 2927 1277 2993 adhibuisse
1323 2926 1633 3010 videmuS,
1692 2934 1758 2992 ut
1811 2928 1877 2991 in
1930 2926 2093 3009 pede
2149 2927 2255 2992 illo
2302 2926 2659 2992 admittatur

517 3045 825 3127 dactylus,
897 3043 1118 3108 vitetur
1187 3042 1519 3125 spondeus.
1629 3043 1957 3125 omniaque
2018 3043 2347 3107 verborum
2405 3062 2656 3125 genera,

517 3179 673 3239 quas
745 3167 962 3223 natura
1024 3177 1138 3222 sua
1193 3156 1279 3223 ad
1344 3156 1661 3243 dactylum
1724 3156 2219 3240 componendum
2285 3164 2435 3241 apta
2498 3164 2656 3241 sunt,

517 3299 548 3339 a
561 3275 597 3335 d
649 3275 817 3335 illum
869 3273 1207 3338 hexametri
1252 3273 1458 3338 locum
1501 3273 1903 3340 libentissime
1948 3272 2324 3338 deferuntur.
2404 3293 2485 3338 ex
2529 3272 2658 3355 qui-

517 3391 629 3451 bus
685 3388 1012 3471 gsusribus
1073 3387 1654 3454 commemorandae
1730 3393 1871 3453 sunt
1938 3388 2172 3470 aliquot
2228 3389 2462 3452 formae
2522 3409 2657 3453 ver-

521 3503 729 3567 borum
781 3503 1100 3585 finitorum,
1149 3502 1377 3568 deinde
1409 3502 1877 3587 adjectivorum,
1922 3504 2191 3569 maxime
2222 3501 2388 3585 quod
2419 3508 2661 3584 spectat

517 3619 597 3683 ad
645 3627 916 3683 nostram
961 3618 1401 3701 quaestionem,
1450 3619 1990 3685 substantivorum.
2071 3619 2233 3702 quia,
2280 3617 2385 3681 ubi
2430 3616 2657 3680 talibus

517 3735 725 3799 stirmis
785 3735 993 3817 utitur,
1058 3753 1263 3799 rerum
1319 3740 1543 3799 natura
1588 3735 1764 3817 quasi
1810 3740 2060 3800 coactus
2106 3735 2167 3798 in
2214 3733 2424 3815 quinto
2470 3730 2659 3797 hexa-

517 3851 693 3915 metri
741 3847 900 3931 pede
947 3854 1136 3931 poeta
1181 3869 1290 3915 eas
1337 3850 1617 3932 collocat,
1666 3850 1894 3933 quippe
1926 3870 2086 3932 quae
2134 3849 2493 3931 aptissimae
2540 3848 2660 3912 sint

517 3963 601 4027 ad
657 3963 881 4047 pedem
933 3964 1104 4030 illum
1161 3964 1685 4049 componendum,
1755 3963 1933 4031 vides
1990 3969 2287 4048 quantum
2340 3968 2537 4029 metro
2592 3962 2657 4027 in
