<?xml version="1.0" encoding="UTF-8"?>
<!DOCTYPE html PUBLIC "-//W3C//DTD XHTML 1.0 Transitional//EN"
    "http://www.w3.org/TR/xhtml1/DTD/xhtml1-transitional.dtd">
<html xmlns="http://www.w3.org/1999/xhtml" xml:lang="en" lang="en">
 <head>
  <title>
</title>
<meta http-equiv="Content-Type" content="text/html;charset=utf-8" />
  <meta name='ocr-system' content='tesseract 3.04.00' />
  <meta name='ocr-capabilities' content='ocr_page ocr_carea ocr_par ocr_line ocrx_word'/>
</head>
<body>
  <div class='ocr_page' id='page_1' title='image "./decatulliinvoca00fiscgoog_0036.png"; bbox 0 0 3000 4500; ppageno 0'>
   <div class='ocr_carea' id='block_1_1' title="bbox 684 198 907 262">
    <p class='ocr_par' dir='ltr' id='par_1_1' title="bbox 684 198 907 262">
     <span class='ocr_line' id='line_1_1' title="bbox 684 198 907 262; baseline 0 -19"><span class='ocrx_word' id='word_1_1' title='bbox 684 198 907 262; x_wconf 61' lang='lat'>-30-</span> 
     </span>
    </p>
   </div>
   <div class='ocr_carea' id='block_1_2' title="bbox 296 390 1349 1171">
    <p class='ocr_par' dir='ltr' id='par_1_2' title="bbox 296 390 1349 1171">
     <span class='ocr_line' id='line_1_2' title="bbox 703 390 891 478; baseline 0.005 -20"><span class='ocrx_word' id='word_1_2' title='bbox 703 390 891 478; x_wconf 75' lang='lat' dir='ltr'>Alea</span> 
     </span>
     <span class='ocr_line' id='line_1_3' title="bbox 306 507 1264 594; baseline 0.001 -19"><span class='ocrx_word' id='word_1_3' title='bbox 306 510 405 575; x_wconf 87' lang='lat' dir='ltr'><strong>LXII.</strong></span> <span class='ocrx_word' id='word_1_4' title='bbox 422 513 475 576; x_wconf 87' lang='grc'>46.</span> <span class='ocrx_word' id='word_1_5' title='bbox 500 507 578 574; x_wconf 84' lang='lat' dir='ltr'>Cum</span> <span class='ocrx_word' id='word_1_6' title='bbox 600 507 708 575; x_wconf 87' lang='lat' dir='ltr'>florem</span> <span class='ocrx_word' id='word_1_7' title='bbox 730 509 834 574; x_wconf 89' lang='lat' dir='ltr'>amisit</span> <span class='ocrx_word' id='word_1_8' title='bbox 855 510 972 593; x_wconf 86' lang='lat' dir='ltr'>polluto</span> <span class='ocrx_word' id='word_1_9' title='bbox 995 530 1122 594; x_wconf 82' lang='lat' dir='ltr'>corpore</span> <span class='ocrx_word' id='word_1_10' title='bbox 1145 517 1264 577; x_wconf 82' lang='lat' dir='ltr'>uastum</span> 
     </span>
     <span class='ocr_line' id='line_1_4' title="bbox 296 606 1332 709; baseline -0.001 -17"><span class='ocrx_word' id='word_1_11' title='bbox 296 606 419 692; x_wconf 68' lang='lat' dir='ltr'>‘Lxlu</span> <span class='ocrx_word' id='word_1_12' title='bbox 436 627 511 692; x_wconf 94' lang='grc'><strong>239.</strong></span> <span class='ocrx_word' id='word_1_13' title='bbox 536 623 661 690; x_wconf 86' lang='lat' dir='ltr'>Thesea</span> <span class='ocrx_word' id='word_1_14' title='bbox 683 644 739 690; x_wconf 91' lang='lat' dir='ltr'>seu</span> <span class='ocrx_word' id='word_1_15' title='bbox 761 625 859 691; x_wconf 87' lang='lat' dir='ltr'>nubes</span> <span class='ocrx_word' id='word_1_16' title='bbox 881 631 1043 692; x_wconf 86' lang='lat' dir='ltr'>ventorum</span> <span class='ocrx_word' id='word_1_17' title='bbox 1069 625 1195 691; x_wconf 89' lang='lat' dir='ltr'>flamine</span> <span class='ocrx_word' id='word_1_18' title='bbox 1221 626 1332 709; x_wconf 88' lang='lat' dir='ltr'>pulsae</span> 
     </span>
     <span class='ocr_line' id='line_1_5' title="bbox 354 739 1349 826; baseline -0.001 -21"><span class='ocrx_word' id='word_1_19' title='bbox 354 790 370 826; x_wconf 56' lang='grc' dir='ltr'><strong><em>ῃ</em></strong></span> <span class='ocrx_word' id='word_1_20' title='bbox 434 742 508 805; x_wconf 92' lang='grc'><strong>370.</strong></span> <span class='ocrx_word' id='word_1_21' title='bbox 532 739 678 825; x_wconf 89' lang='lat' dir='ltr'>Projioiet</span> <span class='ocrx_word' id='word_1_22' title='bbox 700 759 811 822; x_wconf 87' lang='lat' dir='ltr'>eorpus</span> <span class='ocrx_word' id='word_1_23' title='bbox 833 741 995 807; x_wconf 90' lang='lat' dir='ltr'>summisso</span> <span class='ocrx_word' id='word_1_24' title='bbox 1017 741 1133 824; x_wconf 77' lang='lat' dir='ltr'><strong>poplite</strong></span> <span class='ocrx_word' id='word_1_25' title='bbox 1156 747 1298 806; x_wconf 84' lang='lat' dir='ltr'>trunomn</span> <span class='ocrx_word' id='word_1_26' title='bbox 1345 764 1349 769; x_wconf 47' lang='lat'>¹</span> 
     </span>
     <span class='ocr_line' id='line_1_6' title="bbox 354 855 1301 941; baseline 0 -20"><span class='ocrx_word' id='word_1_27' title='bbox 354 906 370 941; x_wconf 82' lang='lat'>„</span> <span class='ocrx_word' id='word_1_28' title='bbox 465 906 481 941; x_wconf 87' lang='lat'>„</span> <span class='ocrx_word' id='word_1_29' title='bbox 533 856 651 941; x_wconf 81' lang='lat' dir='ltr'>Corpus</span> <span class='ocrx_word' id='word_1_30' title='bbox 673 855 815 940; x_wconf 77' lang='lat' dir='ltr'>projiciet</span> <span class='ocrx_word' id='word_1_31' title='bbox 836 855 998 922; x_wconf 90' lang='lat' dir='ltr'>summisso</span> <span class='ocrx_word' id='word_1_32' title='bbox 1021 856 1137 940; x_wconf 83' lang='lat' dir='ltr'>poplite</span> <span class='ocrx_word' id='word_1_33' title='bbox 1159 863 1301 921; x_wconf 69' lang='lat' dir='ltr'>namnum</span> 
     </span>
     <span class='ocr_line' id='line_1_7' title="bbox 306 970 1238 1054; baseline -0.001 -17"><span class='ocrx_word' id='word_1_34' title='bbox 306 973 403 1038; x_wconf 90' lang='lat' dir='ltr'>LXV.</span> <span class='ocrx_word' id='word_1_35' title='bbox 423 973 473 1037; x_wconf 92' lang='grc'>19.</span> <span class='ocrx_word' id='word_1_36' title='bbox 498 971 541 1036; x_wconf 83' lang='grc'>111</span> <span class='ocrx_word' id='word_1_37' title='bbox 563 971 679 1036; x_wconf 90' lang='lat' dir='ltr'>malum</span> <span class='ocrx_word' id='word_1_38' title='bbox 701 971 806 1054; x_wconf 79' lang='lat' dir='ltr'>sponsi</span> <span class='ocrx_word' id='word_1_39' title='bbox 828 970 939 1035; x_wconf 83' lang='lat' dir='ltr'>furtivo</span> <span class='ocrx_word' id='word_1_40' title='bbox 962 991 1089 1037; x_wconf 92' lang='lat' dir='ltr'>munere</span> <span class='ocrx_word' id='word_1_41' title='bbox 1111 972 1238 1037; x_wconf 72' lang='lat' dir='ltr'>mesum</span> 
     </span>
     <span class='ocr_line' id='line_1_8' title="bbox 306 1085 1333 1171; baseline 0.001 -19"><span class='ocrx_word' id='word_1_42' title='bbox 306 1085 418 1152; x_wconf 88' lang='lat' dir='ltr'><strong>LXVI.</strong></span> <span class='ocrx_word' id='word_1_43' title='bbox 436 1089 489 1152; x_wconf 85' lang='lat'>33.</span> <span class='ocrx_word' id='word_1_44' title='bbox 513 1086 615 1168; x_wconf 83' lang='lat' dir='ltr'>Atque</span> <span class='ocrx_word' id='word_1_45' title='bbox 638 1086 681 1151; x_wconf 90' lang='lat' dir='ltr'>ibi</span> <span class='ocrx_word' id='word_1_46' title='bbox 703 1107 754 1150; x_wconf 91' lang='lat' dir='ltr'>me</span> <span class='ocrx_word' id='word_1_47' title='bbox 778 1085 858 1151; x_wconf 88' lang='lat' dir='ltr'>divis</span> <span class='ocrx_word' id='word_1_48' title='bbox 880 1105 936 1168; x_wconf 91' lang='lat' dir='ltr'>pro</span> <span class='ocrx_word' id='word_1_49' title='bbox 960 1086 1042 1152; x_wconf 88' lang='lat' dir='ltr'>dulei</span> <span class='ocrx_word' id='word_1_50' title='bbox 1065 1086 1198 1171; x_wconf 79' lang='lat' dir='ltr'>conjuge</span> <span class='ocrx_word' id='word_1_51' title='bbox 1214 1087 1333 1153; x_wconf 81' lang='lat' dir='ltr'>eunetis</span> 
     </span>
    </p>
   </div>
   <div class='ocr_carea' id='block_1_3' title="bbox 262 1227 1333 1427">
    <p class='ocr_par' dir='ltr' id='par_1_3' title="bbox 262 1227 1333 1427">
     <span class='ocr_line' id='line_1_9' title="bbox 262 1227 1333 1312; baseline -0.001 -19"><span class='ocrx_word' id='word_1_52' title='bbox 262 1236 425 1312; x_wconf 87' lang='lat' dir='ltr'>praeterea</span> <span class='ocrx_word' id='word_1_53' title='bbox 446 1230 526 1295; x_wconf 87' lang='lat' dir='ltr'>inter</span> <span class='ocrx_word' id='word_1_54' title='bbox 541 1228 680 1294; x_wconf 78' lang='lat' dir='ltr'>ordinem</span> <span class='ocrx_word' id='word_1_55' title='bbox 703 1227 887 1311; x_wconf 86' lang='lat' dir='ltr'>parallelum</span> <span class='ocrx_word' id='word_1_56' title='bbox 901 1227 1041 1311; x_wconf 86' lang='lat' dir='ltr'>interque</span> <span class='ocrx_word' id='word_1_57' title='bbox 1056 1228 1242 1293; x_wconf 87' lang='lat' dir='ltr'>eontrarium</span> <span class='ocrx_word' id='word_1_58' title='bbox 1256 1228 1333 1292; x_wconf 90' lang='lat' dir='ltr'>nihil</span> 
     </span>
     <span class='ocr_line' id='line_1_10' title="bbox 262 1343 1332 1427; baseline -0.003 -17"><span class='ocrx_word' id='word_1_59' title='bbox 262 1346 410 1412; x_wconf 84' lang='lat' dir='ltr'>interesse</span> <span class='ocrx_word' id='word_1_60' title='bbox 425 1344 498 1410; x_wconf 89' lang='lat' dir='ltr'>inde</span> <span class='ocrx_word' id='word_1_61' title='bbox 514 1344 710 1427; x_wconf 80' lang='lat' dir='ltr'>intellegitur,</span> <span class='ocrx_word' id='word_1_62' title='bbox 732 1343 816 1425; x_wconf 91' lang='lat' dir='ltr'>quod</span> <span class='ocrx_word' id='word_1_63' title='bbox 834 1345 867 1408; x_wconf 92' lang='lat' dir='ltr'>in</span> <span class='ocrx_word' id='word_1_64' title='bbox 882 1343 934 1408; x_wconf 93' lang='lat' dir='ltr'>illo</span> <span class='ocrx_word' id='word_1_65' title='bbox 954 1343 1034 1410; x_wconf 81' lang='lat' dir='ltr'>haee</span> <span class='ocrx_word' id='word_1_66' title='bbox 1048 1344 1144 1409; x_wconf 90' lang='lat' dir='ltr'>series</span> <span class='ocrx_word' id='word_1_67' title='bbox 1158 1344 1257 1409; x_wconf 88' lang='lat' dir='ltr'>vitata</span> <span class='ocrx_word' id='word_1_68' title='bbox 1271 1350 1332 1410; x_wconf 87' lang='lat' dir='ltr'>est:</span> 
     </span>
    </p>
   </div>
   <div class='ocr_carea' id='block_1_4' title="bbox 263 1484 1332 1712">
    <p class='ocr_par' dir='ltr' id='par_1_4' title="bbox 263 1484 1332 1712">
     <span class='ocr_line' id='line_1_11' title="bbox 306 1484 1204 1552; baseline -0.002 -1"><span class='ocrx_word' id='word_1_69' title='bbox 306 1488 419 1552; x_wconf 89' lang='lat' dir='ltr'>LXIV.</span> <span class='ocrx_word' id='word_1_70' title='bbox 436 1489 511 1552; x_wconf 84' lang='grc'><strong>245.</strong></span> <span class='ocrx_word' id='word_1_71' title='bbox 536 1487 649 1550; x_wconf 82' lang='lat' dir='ltr'>immiti</span> <span class='ocrx_word' id='word_1_72' title='bbox 672 1484 802 1551; x_wconf 86' lang='lat' dir='ltr'>eredens</span> <span class='ocrx_word' id='word_1_73' title='bbox 824 1485 971 1550; x_wconf 88' lang='lat' dir='ltr'>amissum</span> <span class='ocrx_word' id='word_1_74' title='bbox 994 1485 1118 1551; x_wconf 81' lang='lat' dir='ltr'>Thesea</span> <span class='ocrx_word' id='word_1_75' title='bbox 1140 1485 1204 1550; x_wconf 87' lang='lat' dir='ltr'>fato</span> 
     </span>
     <span class='ocr_line' id='line_1_12' title="bbox 263 1626 1332 1712; baseline -0.003 -17"><span class='ocrx_word' id='word_1_76' title='bbox 263 1630 312 1695; x_wconf 87' lang='lat' dir='ltr'>oui</span> <span class='ocrx_word' id='word_1_77' title='bbox 332 1628 499 1712; x_wconf 87' lang='lat' dir='ltr'>respondet</span> <span class='ocrx_word' id='word_1_78' title='bbox 518 1628 602 1710; x_wconf 91' lang='lat' dir='ltr'>quod</span> <span class='ocrx_word' id='word_1_79' title='bbox 623 1629 654 1692; x_wconf 92' lang='lat' dir='ltr'>in</span> <span class='ocrx_word' id='word_1_80' title='bbox 671 1627 769 1693; x_wconf 85' lang='lat' dir='ltr'>altero</span> <span class='ocrx_word' id='word_1_81' title='bbox 789 1627 889 1692; x_wconf 89' lang='lat' dir='ltr'>minus</span> <span class='ocrx_word' id='word_1_82' title='bbox 909 1634 999 1709; x_wconf 92' lang='lat' dir='ltr'>aptus</span> <span class='ocrx_word' id='word_1_83' title='bbox 1013 1626 1064 1691; x_wconf 88' lang='lat' dir='ltr'>hio</span> <span class='ocrx_word' id='word_1_84' title='bbox 1080 1627 1156 1692; x_wconf 88' lang='lat' dir='ltr'>ordo</span> <span class='ocrx_word' id='word_1_85' title='bbox 1170 1628 1255 1693; x_wconf 87' lang='lat' dir='ltr'>visus</span> <span class='ocrx_word' id='word_1_86' title='bbox 1270 1636 1332 1694; x_wconf 88' lang='lat' dir='ltr'>est:</span> 
     </span>
    </p>
   </div>
   <div class='ocr_carea' id='block_1_5' title="bbox 307 1768 1333 1854">
    <p class='ocr_par' dir='ltr' id='par_1_5' title="bbox 307 1768 1333 1854">
     <span class='ocr_line' id='line_1_13' title="bbox 307 1768 1333 1854; baseline 0 -19"><span class='ocrx_word' id='word_1_87' title='bbox 307 1771 419 1836; x_wconf 85' lang='lat' dir='ltr'><strong>LXVI.</strong></span> <span class='ocrx_word' id='word_1_88' title='bbox 440 1772 492 1835; x_wconf 85' lang='lat'>33.</span> <span class='ocrx_word' id='word_1_89' title='bbox 516 1770 618 1851; x_wconf 85' lang='lat' dir='ltr'>Atque</span> <span class='ocrx_word' id='word_1_90' title='bbox 641 1769 684 1834; x_wconf 91' lang='lat' dir='ltr'>ibi</span> <span class='ocrx_word' id='word_1_91' title='bbox 706 1788 762 1852; x_wconf 90' lang='lat' dir='ltr'>pro</span> <span class='ocrx_word' id='word_1_92' title='bbox 785 1768 869 1833; x_wconf 82' lang='lat' dir='ltr'>dulei</span> <span class='ocrx_word' id='word_1_93' title='bbox 890 1789 940 1834; x_wconf 91' lang='lat' dir='ltr'>me</span> <span class='ocrx_word' id='word_1_94' title='bbox 964 1771 1081 1834; x_wconf 87' lang='lat' dir='ltr'>eunetis</span> <span class='ocrx_word' id='word_1_95' title='bbox 1103 1768 1236 1854; x_wconf 81' lang='lat' dir='ltr'>conjuge</span> <span class='ocrx_word' id='word_1_96' title='bbox 1252 1768 1333 1836; x_wconf 90' lang='lat' dir='ltr'>divis</span> 
     </span>
    </p>
   </div>
   <div class='ocr_carea' id='block_1_6' title="bbox 262 1911 1332 2113">
    <p class='ocr_par' dir='ltr' id='par_1_6' title="bbox 262 1911 1332 2113">
     <span class='ocr_line' id='line_1_14' title="bbox 263 1911 1332 1995; baseline -0.003 -16"><span class='ocrx_word' id='word_1_97' title='bbox 263 1913 396 1995; x_wconf 88' lang='lat' dir='ltr'>denique</span> <span class='ocrx_word' id='word_1_98' title='bbox 415 1912 666 1979; x_wconf 46' lang='lat' dir='ltr'>&#39;multitudinem‘</span> <span class='ocrx_word' id='word_1_99' title='bbox 685 1911 826 1976; x_wconf 89' lang='lat' dir='ltr'>ordinum</span> <span class='ocrx_word' id='word_1_100' title='bbox 858 1911 932 1977; x_wconf 91' lang='lat' dir='ltr'>nodi</span> <span class='ocrx_word' id='word_1_101' title='bbox 962 1912 1081 1978; x_wconf 87' lang='lat' dir='ltr'>ratione</span> <span class='ocrx_word' id='word_1_102' title='bbox 1116 1911 1221 1977; x_wconf 89' lang='lat' dir='ltr'>durius</span> <span class='ocrx_word' id='word_1_103' title='bbox 1251 1931 1332 1978; x_wconf 84' lang='lat' dir='ltr'>oom-</span> 
     </span>
     <span class='ocr_line' id='line_1_15' title="bbox 262 2027 1331 2113; baseline -0.002 -19"><span class='ocrx_word' id='word_1_104' title='bbox 262 2029 431 2112; x_wconf 87' lang='lat' dir='ltr'>positorum</span> <span class='ocrx_word' id='word_1_105' title='bbox 461 2028 567 2109; x_wconf 91' lang='lat' dir='ltr'>aliqua</span> <span class='ocrx_word' id='word_1_106' title='bbox 590 2049 630 2093; x_wconf 85' lang='lat' dir='ltr'>ex</span> <span class='ocrx_word' id='word_1_107' title='bbox 652 2034 740 2111; x_wconf 87' lang='lat' dir='ltr'>parte</span> <span class='ocrx_word' id='word_1_108' title='bbox 764 2027 899 2110; x_wconf 89' lang='lat' dir='ltr'>perbene</span> <span class='ocrx_word' id='word_1_109' title='bbox 923 2028 1064 2093; x_wconf 76' lang='lat' dir='ltr'>excusari</span> <span class='ocrx_word' id='word_1_110' title='bbox 1087 2027 1229 2113; x_wconf 69' lang='lat' dir='ltr'>uidimus.</span> <span class='ocrx_word' id='word_1_111' title='bbox 1275 2029 1331 2092; x_wconf 89' lang='lat' dir='ltr'>ita-</span> 
     </span>
    </p>
   </div>
   <div class='ocr_carea' id='block_1_7' title="bbox 263 2141 1330 2226">
    <p class='ocr_par' dir='ltr' id='par_1_7' title="bbox 263 2141 1330 2226">
     <span class='ocr_line' id='line_1_16' title="bbox 263 2141 1330 2226; baseline -0.004 -16"><span class='ocrx_word' id='word_1_112' title='bbox 263 2163 323 2226; x_wconf 86' lang='lat' dir='ltr'>que</span> <span class='ocrx_word' id='word_1_113' title='bbox 345 2144 378 2208; x_wconf 93' lang='lat' dir='ltr'>in</span> <span class='ocrx_word' id='word_1_114' title='bbox 400 2142 448 2208; x_wconf 91' lang='lat' dir='ltr'>his</span> <span class='ocrx_word' id='word_1_115' title='bbox 471 2162 594 2225; x_wconf 87' lang='lat' dir='ltr'>quoqne</span> <span class='ocrx_word' id='word_1_116' title='bbox 617 2143 767 2225; x_wconf 85' lang='lat' dir='ltr'>exemplis</span> <span class='ocrx_word' id='word_1_117' title='bbox 790 2141 865 2206; x_wconf 90' lang='lat' dir='ltr'>ordo</span> <span class='ocrx_word' id='word_1_118' title='bbox 887 2142 1057 2224; x_wconf 89' lang='lat' dir='ltr'>parallelus</span> <span class='ocrx_word' id='word_1_119' title='bbox 1076 2142 1256 2225; x_wconf 88' lang='lat' dir='ltr'>repudiatus</span> <span class='ocrx_word' id='word_1_120' title='bbox 1270 2149 1330 2209; x_wconf 88' lang='lat' dir='ltr'>est:</span> 
     </span>
    </p>
   </div>
   <div class='ocr_carea' id='block_1_8' title="bbox 307 2284 1332 2485">
    <p class='ocr_par' dir='ltr' id='par_1_8' title="bbox 307 2284 1332 2485">
     <span class='ocr_line' id='line_1_17' title="bbox 307 2284 1332 2369; baseline -0.001 -18"><span class='ocrx_word' id='word_1_121' title='bbox 307 2287 419 2353; x_wconf 89' lang='lat' dir='ltr'>LXIV.</span> <span class='ocrx_word' id='word_1_122' title='bbox 437 2288 512 2352; x_wconf 91' lang='grc'><strong>239.</strong></span> <span class='ocrx_word' id='word_1_123' title='bbox 536 2285 661 2353; x_wconf 79' lang='lat' dir='ltr'>Thesea</span> <span class='ocrx_word' id='word_1_124' title='bbox 683 2292 845 2352; x_wconf 90' lang='lat' dir='ltr'>ventorum</span> <span class='ocrx_word' id='word_1_125' title='bbox 867 2305 923 2352; x_wconf 91' lang='lat' dir='ltr'>seu</span> <span class='ocrx_word' id='word_1_126' title='bbox 945 2285 1054 2369; x_wconf 88' lang='lat' dir='ltr'>pulsae</span> <span class='ocrx_word' id='word_1_127' title='bbox 1081 2284 1206 2351; x_wconf 86' lang='lat' dir='ltr'>flamine</span> <span class='ocrx_word' id='word_1_128' title='bbox 1234 2285 1332 2352; x_wconf 90' lang='lat' dir='ltr'>nubes</span> 
     </span>
     <span class='ocr_line' id='line_1_18' title="bbox 307 2399 1224 2485; baseline 0 -19"><span class='ocrx_word' id='word_1_129' title='bbox 307 2402 419 2467; x_wconf 83' lang='lat' dir='ltr'>LXVl.</span> <span class='ocrx_word' id='word_1_130' title='bbox 438 2404 490 2468; x_wconf 95' lang='grc'>81.</span> <span class='ocrx_word' id='word_1_131' title='bbox 514 2400 642 2467; x_wconf 83' lang='lat' dir='ltr'>Tradite</span> <span class='ocrx_word' id='word_1_132' title='bbox 665 2400 784 2485; x_wconf 81' lang='lat' dir='ltr'>rejecta</span> <span class='ocrx_word' id='word_1_133' title='bbox 806 2399 959 2466; x_wconf 82' lang='lat' dir='ltr'>nudantes</span> <span class='ocrx_word' id='word_1_134' title='bbox 981 2407 1068 2465; x_wconf 87' lang='lat' dir='ltr'>veste</span> <span class='ocrx_word' id='word_1_135' title='bbox 1090 2401 1224 2483; x_wconf 86' lang='lat' dir='ltr'>papillas</span> 
     </span>
    </p>
   </div>
   <div class='ocr_carea' id='block_1_9' title="bbox 262 2542 1333 3434">
    <p class='ocr_par' dir='ltr' id='par_1_9' title="bbox 262 2542 1333 3434">
     <span class='ocr_line' id='line_1_19' title="bbox 262 2542 1330 2628; baseline -0.001 -20"><span class='ocrx_word' id='word_1_136' title='bbox 262 2543 423 2611; x_wconf 84' lang='lat' dir='ltr'>Lueretius</span> <span class='ocrx_word' id='word_1_137' title='bbox 445 2542 526 2608; x_wconf 87' lang='lat' dir='ltr'>hano</span> <span class='ocrx_word' id='word_1_138' title='bbox 545 2543 685 2626; x_wconf 81' lang='lat' dir='ltr'>figuram,</span> <span class='ocrx_word' id='word_1_139' title='bbox 709 2542 749 2608; x_wconf 86' lang='lat' dir='ltr'>de</span> <span class='ocrx_word' id='word_1_140' title='bbox 773 2563 836 2625; x_wconf 88' lang='lat' dir='ltr'>qna</span> <span class='ocrx_word' id='word_1_141' title='bbox 854 2543 923 2628; x_wconf 86' lang='lat' dir='ltr'>jam</span> <span class='ocrx_word' id='word_1_142' title='bbox 946 2543 1021 2607; x_wconf 88' lang='lat' dir='ltr'>satis</span> <span class='ocrx_word' id='word_1_143' title='bbox 1045 2542 1159 2607; x_wconf 88' lang='lat' dir='ltr'>dietum</span> <span class='ocrx_word' id='word_1_144' title='bbox 1182 2550 1237 2626; x_wconf 89' lang='lat' dir='ltr'>est,</span> <span class='ocrx_word' id='word_1_145' title='bbox 1260 2544 1330 2608; x_wconf 89' lang='lat' dir='ltr'>arti-</span> 
     </span>
     <span class='ocr_line' id='line_1_20' title="bbox 262 2657 1331 2752; baseline -0.001 -28"><span class='ocrx_word' id='word_1_146' title='bbox 262 2659 401 2725; x_wconf 77' lang='lat' dir='ltr'>ficiosam</span> <span class='ocrx_word' id='word_1_147' title='bbox 423 2659 530 2741; x_wconf 86' lang='lat' dir='ltr'>rarius,</span> <span class='ocrx_word' id='word_1_148' title='bbox 554 2659 708 2741; x_wconf 82' lang='lat' dir='ltr'>Vergilius</span> <span class='ocrx_word' id='word_1_149' title='bbox 731 2659 855 2741; x_wconf 87' lang='lat' dir='ltr'>saepius</span> <span class='ocrx_word' id='word_1_150' title='bbox 878 2657 1056 2723; x_wconf 81' lang='lat' dir='ltr'>adhibuisse</span> <span class='ocrx_word' id='word_1_151' title='bbox 1072 2657 1215 2752; x_wconf 81' lang='lat' dir='ltr'>videntur</span> <span class='ocrx_word' id='word_1_152' title='bbox 1238 2679 1331 2741; x_wconf 90' lang='lat' dir='ltr'>quam</span> 
     </span>
     <span class='ocr_line' id='line_1_21' title="bbox 263 2773 1331 2857; baseline -0.002 -18"><span class='ocrx_word' id='word_1_153' title='bbox 263 2774 411 2839; x_wconf 73' lang='lat' dir='ltr'>Catullus.</span> <span class='ocrx_word' id='word_1_154' title='bbox 456 2794 530 2838; x_wconf 86' lang='lat' dir='ltr'>narn</span> <span class='ocrx_word' id='word_1_155' title='bbox 553 2774 586 2839; x_wconf 94' lang='lat' dir='ltr'>in</span> <span class='ocrx_word' id='word_1_156' title='bbox 607 2774 759 2856; x_wconf 87' lang='lat' dir='ltr'>versibus,</span> <span class='ocrx_word' id='word_1_157' title='bbox 784 2792 861 2855; x_wconf 90' lang='lat' dir='ltr'>qnos</span> <span class='ocrx_word' id='word_1_158' title='bbox 883 2773 1036 2855; x_wconf 83' lang='lat' dir='ltr'>respicere</span> <span class='ocrx_word' id='word_1_159' title='bbox 1060 2775 1225 2857; x_wconf 83' lang='lat' dir='ltr'>voluimus,</span> <span class='ocrx_word' id='word_1_160' title='bbox 1252 2773 1331 2839; x_wconf 85' lang='lat' dir='ltr'>haee</span> 
     </span>
     <span class='ocr_line' id='line_1_22' title="bbox 263 2888 1330 2972; baseline -0.003 -17"><span class='ocrx_word' id='word_1_161' title='bbox 263 2889 408 2972; x_wconf 85' lang='lat' dir='ltr'>exempla</span> <span class='ocrx_word' id='word_1_162' title='bbox 430 2888 627 2954; x_wconf 88' lang='lat' dir='ltr'>inveniuntur</span> <span class='ocrx_word' id='word_1_163' title='bbox 653 2926 697 2934; x_wconf 85' lang='lat'>—</span> <span class='ocrx_word' id='word_1_164' title='bbox 721 2888 761 2955; x_wconf 91' lang='lat' dir='ltr'>de</span> <span class='ocrx_word' id='word_1_165' title='bbox 783 2908 885 2955; x_wconf 90' lang='lat' dir='ltr'>rerum</span> <span class='ocrx_word' id='word_1_166' title='bbox 908 2894 972 2952; x_wconf 90' lang='lat' dir='ltr'>nat.</span> <span class='ocrx_word' id='word_1_167' title='bbox 996 2888 1048 2954; x_wconf 91' lang='lat' dir='ltr'>lib.</span> <span class='ocrx_word' id='word_1_168' title='bbox 1072 2890 1097 2953; x_wconf 93' lang='grc' dir='ltr'><strong>Ι.</strong></span> <span class='ocrx_word' id='word_1_169' title='bbox 1122 2892 1153 2955; x_wconf 94' lang='grc'><strong>9.</strong></span> <span class='ocrx_word' id='word_1_170' title='bbox 1178 2891 1230 2955; x_wconf 91' lang='grc'>37.</span> <span class='ocrx_word' id='word_1_171' title='bbox 1257 2891 1330 2955; x_wconf 90' lang='grc'><strong>196.</strong></span> 
     </span>
     <span class='ocr_line' id='line_1_23' title="bbox 263 3004 1330 3088; baseline 0 -19"><span class='ocrx_word' id='word_1_172' title='bbox 263 3006 338 3070; x_wconf 89' lang='grc'><strong>491.</strong></span> <span class='ocrx_word' id='word_1_173' title='bbox 365 3006 438 3070; x_wconf 94' lang='grc'><strong>718.</strong></span> <span class='ocrx_word' id='word_1_174' title='bbox 463 3006 537 3070; x_wconf 94' lang='grc'><strong>816.</strong></span> <span class='ocrx_word' id='word_1_175' title='bbox 564 3006 660 3071; x_wconf 91' lang='grc'><strong>1031.</strong></span> <span class='ocrx_word' id='word_1_176' title='bbox 683 3042 728 3051; x_wconf 86' lang='grc'>-</span> <span class='ocrx_word' id='word_1_177' title='bbox 751 3005 894 3088; x_wconf 79' lang='lat' dir='ltr'>Georgia.</span> <span class='ocrx_word' id='word_1_178' title='bbox 919 3005 970 3071; x_wconf 89' lang='lat' dir='ltr'>lib.</span> <span class='ocrx_word' id='word_1_179' title='bbox 993 3006 1017 3069; x_wconf 92' lang='grc' dir='ltr'><strong>Ι.</strong></span> <span class='ocrx_word' id='word_1_180' title='bbox 1043 3007 1096 3071; x_wconf 90' lang='grc'><strong>20.</strong></span> <span class='ocrx_word' id='word_1_181' title='bbox 1121 3008 1174 3071; x_wconf 90' lang='grc'><strong>22.</strong></span> <span class='ocrx_word' id='word_1_182' title='bbox 1198 3004 1252 3071; x_wconf 88' lang='grc'>43.</span> <span class='ocrx_word' id='word_1_183' title='bbox 1277 3007 1330 3071; x_wconf 92' lang='grc'>66.</span> 
     </span>
     <span class='ocr_line' id='line_1_24' title="bbox 265 3120 1331 3188; baseline 0 -3"><span class='ocrx_word' id='word_1_184' title='bbox 265 3120 317 3185; x_wconf 90' lang='grc'>73.</span> <span class='ocrx_word' id='word_1_185' title='bbox 336 3122 387 3186; x_wconf 89' lang='grc'>74.</span> <span class='ocrx_word' id='word_1_186' title='bbox 406 3122 457 3185; x_wconf 90' lang='grc'>78.</span> <span class='ocrx_word' id='word_1_187' title='bbox 477 3121 550 3185; x_wconf 92' lang='grc'><strong>124.</strong></span> <span class='ocrx_word' id='word_1_188' title='bbox 569 3122 643 3186; x_wconf 89' lang='grc'><strong>160.</strong></span> <span class='ocrx_word' id='word_1_189' title='bbox 663 3123 735 3186; x_wconf 90' lang='grc'><strong>162.</strong></span> <span class='ocrx_word' id='word_1_190' title='bbox 762 3124 834 3188; x_wconf 90' lang='grc'><strong>186.</strong></span> <span class='ocrx_word' id='word_1_191' title='bbox 858 3123 933 3187; x_wconf 92' lang='grc'><strong>218.</strong></span> <span class='ocrx_word' id='word_1_192' title='bbox 956 3123 1031 3187; x_wconf 87' lang='grc'><strong>224.</strong></span> <span class='ocrx_word' id='word_1_193' title='bbox 1057 3123 1131 3187; x_wconf 92' lang='grc'><strong>291.</strong></span> <span class='ocrx_word' id='word_1_194' title='bbox 1156 3122 1231 3187; x_wconf 83' lang='grc'><strong>345.</strong></span> <span class='ocrx_word' id='word_1_195' title='bbox 1255 3122 1331 3185; x_wconf 88' lang='grc'><strong>410.</strong></span> 
     </span>
     <span class='ocr_line' id='line_1_25' title="bbox 263 3235 1333 3323; baseline 0.001 -23"><span class='ocrx_word' id='word_1_196' title='bbox 263 3236 339 3301; x_wconf 91' lang='grc'><strong>447.</strong></span> <span class='ocrx_word' id='word_1_197' title='bbox 363 3237 439 3301; x_wconf 92' lang='grc'><strong>472.</strong></span> <span class='ocrx_word' id='word_1_198' title='bbox 463 3237 529 3302; x_wconf 78' lang='grc'><strong>495</strong></span> <span class='ocrx_word' id='word_1_199' title='bbox 551 3274 596 3281; x_wconf 91' lang='grc'><strong>-</strong></span> <span class='ocrx_word' id='word_1_200' title='bbox 615 3236 684 3321; x_wconf 89' lang='lat' dir='ltr'>jam</span> <span class='ocrx_word' id='word_1_201' title='bbox 707 3257 781 3303; x_wconf 86' lang='lat' dir='ltr'>vero</span> <span class='ocrx_word' id='word_1_202' title='bbox 805 3243 999 3303; x_wconf 89' lang='lat' dir='ltr'>transeamus</span> <span class='ocrx_word' id='word_1_203' title='bbox 1022 3236 1064 3302; x_wconf 87' lang='lat' dir='ltr'>ad</span> <span class='ocrx_word' id='word_1_204' title='bbox 1087 3237 1219 3302; x_wconf 89' lang='lat' dir='ltr'>alterum</span> <span class='ocrx_word' id='word_1_205' title='bbox 1240 3235 1333 3323; x_wconf 88' lang='lat' dir='ltr'>hujus</span> 
     </span>
     <span class='ocr_line' id='line_1_26' title="bbox 262 3348 773 3434; baseline 0.002 -19"><span class='ocrx_word' id='word_1_206' title='bbox 262 3348 380 3433; x_wconf 67' lang='lat' dir='ltr'>tigrum</span> <span class='ocrx_word' id='word_1_207' title='bbox 403 3370 511 3434; x_wconf 86' lang='lat' dir='ltr'>genus,</span> <span class='ocrx_word' id='word_1_208' title='bbox 536 3350 619 3432; x_wconf 92' lang='lat' dir='ltr'>quod</span> <span class='ocrx_word' id='word_1_209' title='bbox 643 3351 773 3417; x_wconf 77' lang='lat' dir='ltr'>eflicitur</span> 
     </span>
    </p>
   </div>
   <div class='ocr_carea' id='block_1_10' title="bbox 504 3574 1094 3804">
    <p class='ocr_par' dir='ltr' id='par_1_10' title="bbox 504 3574 1094 3804">
     <span class='ocr_line' id='line_1_27' title="bbox 504 3574 1094 3644; baseline 0.01 -6"><span class='ocrx_word' id='word_1_210' title='bbox 504 3575 534 3638; x_wconf 91' lang='grc'><strong>2.</strong></span> <span class='ocrx_word' id='word_1_211' title='bbox 570 3592 730 3640; x_wconf 76' lang='lat' dir='ltr'>caesura</span> <span class='ocrx_word' id='word_1_212' title='bbox 752 3574 915 3641; x_wconf 88' lang='lat' dir='ltr'>medium</span> <span class='ocrx_word' id='word_1_213' title='bbox 936 3581 1094 3644; x_wconf 88' lang='lat' dir='ltr'>tenente</span> 
     </span>
     <span class='ocr_line' id='line_1_28' title="bbox 706 3715 894 3804; baseline 0.016 -25"><span class='ocrx_word' id='word_1_214' title='bbox 706 3740 725 3779; x_wconf 90' lang='lat' dir='ltr'><strong><em>a</em></strong></span> <span class='ocrx_word' id='word_1_215' title='bbox 746 3718 763 3782; x_wconf 83' lang='lat' dir='ltr'><strong><em>b</em></strong></span> <span class='ocrx_word' id='word_1_216' title='bbox 785 3715 789 3804; x_wconf 85' lang='grc' dir='ltr'>Ι</span> <span class='ocrx_word' id='word_1_217' title='bbox 809 3718 840 3782; x_wconf 90' lang='grc' dir='ltr'><em>Β</em></span> <span class='ocrx_word' id='word_1_218' title='bbox 863 3719 894 3782; x_wconf 89' lang='lat' dir='ltr'><em>A</em></span> 
     </span>
    </p>
   </div>
   <div class='ocr_carea' id='block_1_11' title="bbox 263 3858 1335 4059">
    <p class='ocr_par' dir='ltr' id='par_1_11' title="bbox 263 3858 1335 4059">
     <span class='ocr_line' id='line_1_29' title="bbox 263 3858 1335 3943; baseline 0.003 -19"><span class='ocrx_word' id='word_1_219' title='bbox 263 3879 344 3943; x_wconf 86' lang='lat' dir='ltr'>qnae</span> <span class='ocrx_word' id='word_1_220' title='bbox 371 3858 472 3943; x_wconf 82' lang='lat' dir='ltr'>figura</span> <span class='ocrx_word' id='word_1_221' title='bbox 500 3865 531 3925; x_wconf 88' lang='lat' dir='ltr'>et</span> <span class='ocrx_word' id='word_1_222' title='bbox 558 3859 626 3943; x_wconf 88' lang='lat' dir='ltr'>ipsa</span> <span class='ocrx_word' id='word_1_223' title='bbox 653 3859 686 3924; x_wconf 92' lang='lat' dir='ltr'>in</span> <span class='ocrx_word' id='word_1_224' title='bbox 712 3861 898 3927; x_wconf 78' lang='lat' dir='ltr'>carminibus</span> <span class='ocrx_word' id='word_1_225' title='bbox 925 3859 1106 3926; x_wconf 76' lang='lat' dir='ltr'>Catullianis</span> <span class='ocrx_word' id='word_1_226' title='bbox 1134 3860 1335 3927; x_wconf 85' lang='lat' dir='ltr'>usitatissima</span> 
     </span>
     <span class='ocr_line' id='line_1_30' title="bbox 263 3974 1093 4059; baseline -0.001 -16"><span class='ocrx_word' id='word_1_227' title='bbox 263 3981 319 4043; x_wconf 88' lang='lat' dir='ltr'>est.</span> <span class='ocrx_word' id='word_1_228' title='bbox 364 3995 438 4041; x_wconf 89' lang='lat' dir='ltr'>nam</span> <span class='ocrx_word' id='word_1_229' title='bbox 461 3974 509 4042; x_wconf 87' lang='lat' dir='ltr'>his</span> <span class='ocrx_word' id='word_1_230' title='bbox 531 3975 686 4041; x_wconf 90' lang='lat' dir='ltr'>invenitur</span> <span class='ocrx_word' id='word_1_231' title='bbox 707 3975 784 4041; x_wconf 86' lang='lat' dir='ltr'>loeis</span> <span class='ocrx_word' id='word_1_232' title='bbox 806 3976 914 4059; x_wconf 84' lang='lat' dir='ltr'>viginti</span> <span class='ocrx_word' id='word_1_233' title='bbox 936 3981 1093 4058; x_wconf 86' lang='lat' dir='ltr'>quattuor:</span> 
     </span>
    </p>
   </div>
   <div class='ocr_carea' id='block_1_12' title="bbox 0 0 1506 4500">
    <p class='ocr_par' dir='ltr' id='par_1_12' title="bbox 0 0 1506 4500">
     <span class='ocr_line' id='line_1_31' title="bbox 0 0 1506 4500; baseline 0 0"><span class='ocrx_word' id='word_1_234' title='bbox 0 0 1506 4500; x_wconf 95' lang='lat' dir='ltr'> </span> 
     </span>
    </p>
   </div>
  </div>
 </body>
</html>
