3000 4500
702 252 926 317 ..40-

278 456 433 536 postremo
464 456 498 514 ui
529 448 568 514 de
600 448 743 515 Lucretio
774 455 868 530 atque
898 447 1035 532 Vergilio
1069 468 1192 532 quoquo
1226 448 1288 515 bae
1318 450 1354 516 in

278 565 431 651 particula
459 564 633 646 loquamur,
661 563 771 647 prioris
799 562 923 647 generis
949 562 1029 629 haeo
1058 564 1203 647 exempla
1229 565 1352 631 inveni:

279 681 320 749 de
342 701 442 748 rerum
466 685 530 745 nat.
553 679 605 745 lib.
626 680 749 744 1.447.
773 682 869 746 1082.
894 681 1038 763 Georgia.
1054 679 1106 744 lib.
1122 680 1147 743 1.
1164 681 1195 745 4.
1220 682 1353 746 alterum

278 818 386 881 genus,
409 798 441 863 in
462 816 523 878 quo
547 814 678 861 caesura
692 801 778 862 tenet
792 794 937 878 medium,
961 795 1009 860 his
1024 796 1056 860 in
1071 795 1231 861 versioulis
1246 803 1353 880 eapte-

278 919 344 978 tum
372 918 432 979 ost:
471 911 511 977 ds
534 931 635 976 rerum
663 916 726 976 nat.
751 911 803 976 lib.
827 912 853 975 Ι.
880 913 953 977 121.
978 911 1053 976 315.
1080 913 1176 977 1041.
1206 912 1352 996 Georgia.

279 1029 331 1094 lib.
354 1030 380 1094 I.
406 1029 480 1094 315.

368 1162 409 1227 ist
424 1162 565 1228 omnibus
581 1159 715 1245 quidem,
739 1179 821 1242 quae
842 1159 883 1226 de
898 1161 997 1226 altera
1011 1160 1104 1226 olassi
1126 1160 1260 1226 dicenda
1282 1182 1353 1229 esse

280 1278 464 1361 existimavi,
486 1277 615 1360 prolatis
636 1281 733 1343 restat
754 1282 788 1341 ut
810 1276 931 1342 tertiam
955 1274 1183 1359 adgrediamur,
1207 1296 1269 1359 qua

344 1476 378 1553 0.
417 1474 520 1577 prius
549 1474 757 1552 attributum
786 1481 823 1550 et
850 1473 1001 1551 altorum
1029 1472 1291 1550 substantivum

679 1607 955 1708 praemittuntur

281 1766 369 1852 oujus
395 1765 518 1850 generis
547 1765 663 1848 figuras
694 1766 752 1831 etsi
780 1771 874 1847 poeta
902 1784 964 1830 non
991 1764 1116 1848 vitavit,
1151 1771 1256 1830 tamen
1288 1786 1354 1833 non

280 1883 397 1967 pariter
424 1886 517 1962 atquo
547 1881 638 1965 primi
666 1880 815 1946 adhibuit.
863 1899 941 1961 quas
963 1886 997 1944 ut
1014 1880 1083 1965 jam
1111 1885 1204 1946 antea
1226 1880 1353 1947 demon-

281 1998 458 2079 stravimus,
487 1997 613 2080 saepius
636 2004 763 2082 oaptare
786 1991 903 2081 potuit,‘
927 1996 986 2061 nisi
1008 1995 1084 2060 illud
1106 2016 1205 2080 genus
1228 1997 1352 2063 omnino

281 2113 478 2198 praetulisset
507 2119 539 2178 et
560 2111 608 2178 his
632 2112 758 2193 quidem
780 2112 813 2176 in
835 2112 988 2177 versibus:
1025 2111 1137 2177 LXIV.
1163 2115 1193 2177 9.
1219 2114 1271 2178 27.
1297 2115 1350 2179 39.
1483 2160 1485 2207 ᾖ

285 2231 358 2297 157.
385 2231 458 2296 162.
484 2230 558 2294 210.
584 2228 684 2294 2350.
710 2228 785 2295 262.
811 2228 886 2292 341.
925 2226 1037 2292 LXVI.
1065 2228 1093 2291 1.
1128 2227 1272 2293 LXVIII.
1297 2230 1350 2294 67.

285 2347 358 2412 123.
385 2346 458 2411 151.
492 2344 636 2428 LXXVI.
662 2345 714 2409 21.
746 2342 804 2409 sed
826 2342 886 2408 hoo
908 2342 940 2407 in
963 2342 1055 2408 modo
1078 2344 1262 2408 eontrarium
1286 2350 1352 2409 tan·

281 2468 345 2527 tum
380 2460 519 2527 ordinem
554 2459 692 2525 Catullus
725 2459 906 2542 probavisse
940 2458 1071 2525 videtur.
1129 2478 1201 2521 nam
1236 2459 1353 2526 ordinis
1483 2527 1484 2536 ,

280 2575 423 2662 paralleli
445 2597 485 2641 no
507 2595 603 2641 unum
626 2574 752 2656 quidem
768 2576 944 2658 exemplum
960 2573 1091 2640 inveniri
1106 2580 1217 2657 potest.
1249 2595 1351 2657 neque

282 2693 443 2758 Lueretius
466 2697 520 2756 aut
529 2691 685 2775 Vergilius
706 2692 778 2775 plus
798 2690 894 2756 semel
910 2691 943 2755 in
958 2689 1116 2755 versiculis
1130 2690 1199 2774 iliis,
1222 2709 1349 2773 quorum
1483 2737 1485 2786 ᾗ

281 2809 314 2873 in
337 2807 552 2885 dissertatione
580 2811 685 2872 nostra
712 2807 862 2872 rationem
890 2804 1056 2886 habemus,
1083 2825 1123 2872 oa
1151 2806 1351 2874 oollooatione
1483 2805 1484 2812 ’

281 2924 328 2989 usi
350 2929 434 2990 sunt:

388 3041 422 3096 da
441 3056 531 3100 rerum
549 3045 606 3096 nat.
625 3039 672 3096 lib.
692 3041 714 3095 I.
734 3042 799 3098 321.
826 3039 924 3093 Invida
942 3040 1093 3108 praeclusit
1115 3040 1236 3109 spatium
1253 3045 1350 3096 natura
1483 3097 1484 3110 ¹

442 3129 554 3185 videndi

390 3218 548 3286 Georgicon
567 3218 614 3274 lib.
633 3220 656 3274 I.
676 3222 737 3276 250.
771 3219 886 3288 Nosque
904 3218 953 3274 ubi
970 3220 1076 3287 primus
1095 3219 1175 3288 equis
1195 3220 1286 3275 oriens
1304 3218 1350 3272 ad-
1483 3283 1484 3288 ἵ

441 3307 519 3363 flavit
538 3307 647 3363 anhelis

280 3405 333 3470 ubi
361 3424 523 3471 caesuram
552 3406 638 3471 vario
667 3406 760 3472 modo
788 3406 971 3472 collocatam
1000 3425 1070 3472 esse
1097 3405 1195 3471 vides.
1246 3405 1350 3485 itaquo
1483 3395 1484 3468 J

280 3518 357 3585 nibil
379 3520 481 3587 obstat
503 3522 666 3603 quominus
1483 3521 1484 3530 '

662 3679 788 3750 ordinis
812 3680 971 3752 contrarii

280 3813 424 3899 exempla
440 3815 541 3881 statim
559 3815 745 3881 adferamus.
775 3819 810 3880 ut
824 3834 898 3882 vero
918 3816 950 3880 in
965 3815 1173 3898 superioribus
1188 3815 1352 3899 generibus
1483 3867 1484 3876 ,

279 3930 323 3995 ita
344 3930 377 3995 in
399 3930 459 3996 hoo
482 3950 605 4013 quoque
628 3929 720 3995 modo
744 3930 925 4014 saepissime
949 3937 1002 3995 aut
1018 3951 1112 3996 rmum
1131 3937 1184 3995 aui
1199 3928 1269 4013 duo,
1293 3929 1353 3993 iria
1483 3917 1484 3974 ἒ

279 4046 434 4114 rarissime
450 4044 977 4114 membraoaesuramanteoedunt.
1005 4065 1078 4112 nam
1093 4046 1221 4131 figurae,
1241 4046 1352 4126 inqua
1483 4127 1484 4134 ἵ
