3000 4500
612 223 742 284 ...51
789 257 834 268 ...

279 437 372 499 quam
387 416 520 500 figuram
534 416 576 482 ad
591 416 785 484 hemistichia
799 418 915 500 pariter
930 415 1126 483 terminanda
1141 418 1260 500 aptissi-

189 553 273 598 mam
296 553 365 598 esse
388 533 584 616 perspicuum
607 538 663 599 est.
696 532 792 599 nihilo
814 534 916 598 minus
936 532 1017 598 hanc
1032 553 1153 616 quoque
1168 534 1260 599 collo

190 650 343 714 cationcm
366 649 561 714 artificiosam
582 655 676 732 poeta
699 654 826 732 captare
850 650 961 732 potuit:

630 793 709 857 AB
755 792 819 857 ba

233 908 346 973 LXVI.
365 911 417 974 20.
442 909 597 975 Invisente
621 910 686 975 viro
710 792 831 992 phaeha
853 915 942 975 torva
963 929 1046 976 novo

190 1051 315 1117 alterius
338 1050 451 1119 deinde
474 1053 606 1136 generis,
630 1053 662 1118 in
684 1072 746 1135 quo

400 1250 430 1313 2.
460 1268 620 1314 caesura
642 1250 680 1313 in
702 1248 825 1315 medio
848 1250 975 1332 posita
996 1255 1054 1315 111

631 1415 650 1454 a
672 1393 704 1456 B
723 1388 727 1477 Ι
747 1392 765 1455 b
789 1392 818 1455 A
879 1444 880 1447 ,

187 1534 247 1600 hoe
269 1535 393 1600 unicum
416 1539 502 1601 extat
524 1535 713 1618 exemplum:

294 1648 421 1735 LXVIII.
437 1682 479 1735 16.
498 1650 656 1735 iocundum
676 1695 738 1734 cum
757 1684 835 1735 setas
854 1679 954 1735 florida
972 1695 1020 1735 111
1038 1686 1134 1748 ageret

187 1803 220 1868 11
242 1823 302 1885 quo
325 1803 370 1868 sic
392 1822 514 1885 quoque
537 1802 690 1868 vocabula
712 1803 876 1869 artificiose
899 1802 1043 1875 collocari
1065 1808 1220 1885 poterant:

629 1946 659 2010 A
682 1945 701 2010 h
747 1966 768 2010 a
790 1945 817 2010 Β

231 2062 374 2126 LXVHI.
393 2065 444 2128 16.
469 2061 547 2127 dum
570 2067 658 2127 aetas
676 1942 850 2146 joimdum
873 2061 983 2127 florida
1005 2082 1062 2128 ver
1083 2068 1192 2145 ageret

187 2204 321 2288 denique
344 2205 376 2269 in
399 2204 458 2270 hac
482 2204 574 2271 classi
590 2205 759 2271 versiculus
782 2204 971 2271 adferendos
989 2210 1044 2288 est,
1067 2204 1119 2288 qui
1134 2204 1179 2271 sio
1194 2204 1259 2272 fere

187 2321 303 2389 editur:

294 2447 422 2502 LXVIII.
438 2449 496 2503 147.
519 2487 615 2500 .....
633 2487 639 2501 .
660 2447 683 2502 si
703 2447 786 2503 nobis
805 2447 829 2501 is
850 2447 930 2500 datur
948 2462 1020 2500 11111

520 2538 607 2602 Quem
626 2536 717 2605 lepide
735 2536 783 2591 illa
801 2536 875 2591 diem
893 2535 1051 2590 candidiore
1070 2540 1149 2592 notat

186 2682 242 2745 pro
269 2660 390 2745 „diem“
417 2659 540 2726 codices
566 2658 672 2743 „dies“
698 2659 836 2724 unanimi
864 2659 1019 2725 exhibent.
1065 2660 1170 2741 itaque
1197 2681 1259 2725 non

186 2777 314 2842 dubium
346 2784 408 2859 est,
441 2776 515 2858 quin
546 2777 579 2840 in
607 2775 776 2860 archetypo
799 2775 971 2844 Veronensi
1002 2775 1081 2841 haec
1109 2775 1260 2858 scriptura

186 2893 329 2961 extiterit.
363 2892 420 2959 sed
435 2892 516 2957 hanc
531 2912 640 2958 vocem
658 2892 748 2957 nimis
764 2897 903 2957 contorta
926 2892 1044 2957 ratione
1067 2891 1099 2956 in
1122 2892 1259 2957 enuntia·

185 3015 251 3074 tum
274 3009 491 3075 secundarium
513 3008 618 3074 inferri
640 3007 838 3072 manifestum
860 3014 916 3072 est
951 3028 1014 3089 qua
1037 3006 1077 3073 de
1093 3028 1126 3072 re
1142 3005 1259 3088 aliquid

186 3123 367 3190 mutandum
391 3144 460 3190 esse
476 3123 672 3205 intellegitur.
705 3122 792 3187 iham
808 3143 882 3188 vero
898 3123 991 3204 viam,
1015 3142 1109 3204 quarn
1125 3121 1259 3187 editores

185 3240 316 3324 ingressi
340 3246 419 3322 sunt,
442 3238 568 3322 probari
590 3257 681 3320 posse
705 3258 798 3321 nego.
845 3259 918 3303 nam
941 3238 968 3302 11
990 3237 1135 3320 legimus:

347 3381 447 3459 Quem
470 3379 576 3464 lapide
597 3379 651 3444 illa
676 3379 759 3445 diem
782 3378 962 3445 candidiore
986 3384 1073 3443 notat

185 3546 247 3590 non
275 3524 375 3589 solum
403 3524 462 3588 tria
489 3522 629 3588 membra
657 3542 819 3588 caesuram
843 3521 1049 3604 praecedunt,
1082 3520 1139 3586 scd
1167 3520 1261 3586 ctiam

185 3639 262 3706 ordo
282 3640 451 3722 parallelus
466 3638 629 3704 verborum
645 3638 783 3721 efficitur,
807 3638 859 3720 qui
882 3638 914 3702 11
937 3637 998 3702 hac
1022 3637 1113 3702 classi
1137 3637 1261 3702 omnino

185 3779 206 3821 a
229 3756 350 3822 Oatullo
374 3754 553 3838 repudiatus
576 3761 632 3820 est.
665 3755 770 3836 itaque
794 3753 879 3818 haud
901 3755 965 3820 scio
990 3775 1032 3818 an
1054 3754 1261 3818 nominativus

188 3871 295 3957 ᾖ(1111ιε
321 3869 501 3938 retinendus
524 3869 580 3935 sed
603 3867 852 3951 transponendus
875 3869 927 3934 sit:

347 4013 446 4091 Quem
471 4011 576 4096 lapide
598 4012 652 4077 illa
675 4016 763 4076 notat
785 4008 964 4078 candidiore
987 4010 1056 4078 dies
