3000 4500
697 313 920 378 ...3ss-

271 527 374 590 neque
397 507 458 577 hac
478 509 579 577 altera
600 507 703 591 figure
723 507 889 574 artificiosa
910 508 955 572 uti
977 508 1085 573 voluit:

714 650 836 715 ABb
882 671 902 715 a

315 762 428 833 LXIV.
444 768 499 832 46.
522 764 605 832 Tota
626 765 736 832 domus
758 786 839 849 gaza
856 648 959 849 ¹regali
980 766 1144 849 splendida
1166 766 1284 849 gaudet

272 928 350 991 quos
373 909 451 974 duos
475 909 598 975 ordines
621 909 715 974 etiam
736 913 862 991 propter
876 908 1001 973 nimiam
1018 908 1222 973 membrorum
1238 929 1341 975 cumu-

270 1025 418 1091 lationem
441 1025 554 1090 vitatos
576 1043 644 1090 esse
667 1024 863 1090 manifestum
887 1031 943 1089 est.
978 1024 1138 1089 Lucretius
1154 1044 1227 1090 vero
1247 1030 1340 1107 atque

270 1136 426 1223 Vergilius
456 1140 611 1205 rarissime
637 1145 757 1205 tantum
784 1139 845 1204 hac
872 1140 1073 1206 collocatione
1101 1140 1267 1205 artificiosa
1293 1142 1341 1205 usi

271 1275 339 1321 esse
355 1255 508 1321 videntur.
539 1276 611 1321 nam
635 1255 667 1320 ln
689 1257 789 1338 primo
812 1255 968 1321 derorum
991 1262 1103 1320 natura
1121 1256 1199 1321 libro
1213 1257 1339 1339 nullum,

270 1370 302 1435 in
318 1371 494 1453 Georgicon
517 1371 594 1436 libro
608 1372 707 1454 primo
727 1390 822 1435 unum
842 1408 887 1417 —-
903 1373 968 1436 240
982 1408 1027 1417 —-
1047 1371 1222 1454 exemplum
1243 1378 1338 1438 extat.

270 1485 384 1552 deindo
413 1484 632 1569 disputandum
661 1492 708 1552 est
735 1485 776 1552 de
798 1484 891 1571 hujus
918 1486 1036 1570 figurae
1065 1487 1229 1569 exemplis,
1258 1507 1340 1570 quae

268 1601 440 1667 formantur

512 1819 542 1883 2.
576 1834 736 1884 caesura
762 1816 923 1884 medium
951 1824 1102 1886 tenente

712 1961 744 2025 A
766 1961 784 2025 b
804 1958 809 2048 Ι
829 1983 849 2024 a
871 1962 902 2025 B

270 2122 363 2184 quam
391 2123 530 2169 normam
558 2109 652 2187 poeta
673 2103 862 2179 Veronensis
889 2104 921 2167 in
948 2104 997 2169 his
1025 2109 1093 2168 octo
1116 2104 1265 2187 exemplis
1291 2124 1340 2171 se-

270 2224 358 2286 cutus
381 2225 441 2286 est:

376 2364 463 2419 LXII.
477 2367 520 2421 39.
547 2363 583 2419 Ut
600 2363 653 2419 flos
672 2364 699 2418 in
718 2364 823 2433 saeptis
843 2370 967 2419 secretus
986 2364 1109 2420 nascitur
1126 2365 1214 2420 hortis
1238 2365 1338 2431 LXIV.

427 2456 471 2509 50.
490 2455 533 2509 90.
552 2455 614 2510 215.
634 2455 695 2509 293.
713 2455 776 2509 391.
801 2454 886 2507 LXV.
906 2456 948 2508 17.
974 2453 1101 2509 LXVHI.
1122 2457 1182 2510 102.

247 2568 329 2664 vbuc
351 2567 473 2635 accedit
495 2588 535 2634 ex
558 2568 730 2651 fragmento
754 2567 852 2634 altero
874 2568 1043 2634 versiculus
1065 2568 1128 2633 hio:

519 2711 712 2779 Hellespontio
731 2712 831 2766 ceteris
851 2711 995 2768 ostriosior
1013 2713 1068 2768 oris

270 2834 446 2918 repudiavit
467 2834 499 2898 in
520 2833 569 2899 his
585 2833 736 2916 exemplis
750 2833 891 2899 Catullus
911 2834 995 2899 hanc
1017 2835 1129 2901 seriem
1151 2835 1338 2901 naturalem:

313 2977 413 3042 LXII.
431 2979 484 3044 39.
508 2976 551 3043 Ut
572 2975 630 3042 flos
648 2982 790 3061 *secretum
811 2978 844 3041 in
866 2977 982 3059 saeptis
1004 2978 1140 3043 nascitur
1161 2977 1255 3043 hortis

313 3093 426 3159 LXIV.
443 3095 518 3161 293.
543 3092 734 3159 Vestibulum
758 3094 894 3158 velatum
922 3098 956 3157 ut
982 3093 1067 3158 molli
1093 3093 1203 3160 fronde
1225 3093 1339 3159 vireret

360 3257 375 3293 „
440 3210 515 3274 391.
539 3206 700 3292 Thyiadas
722 3207 874 3276 cubantes
897 3208 1002 3273 effusis
1025 3208 1158 3274 crinibus
1181 3209 1245 3292 egit

268 3351 322 3417 alii
344 3371 419 3417 vero
442 3348 566 3417 ordines
594 3350 749 3416 artificiosi
771 3349 833 3417 hac
854 3351 973 3417 ratione
997 3351 1138 3419 adhiberi
1159 3357 1337 3435 potuerunt:

709 3495 779 3558 aB
825 3493 897 3558 bA

311 3609 410 3675 LXII.
429 3611 481 3675 39.
504 3609 542 3674 In
565 3609 680 3692 saeptis
702 3615 736 3674 ut
757 3491 815 3674 flo‘s
837 3615 974 3676 secretus
994 3610 1132 3676 nascitur
1153 3609 1248 3676 bortis

312 3724 425 3790 LXIV.
442 3726 517 3790 215.
541 3725 651 3808 Longa
673 3729 769 3807 gnato
791 3724 866 3789 milri
884 3724 1049 3810 jocundior
1071 3726 1160 3792 unice
1183 3725 1249 3790 vita

360 3888 376 3924 „
440 3842 514 3905 293.
538 3839 624 3906 Molli
646 3845 679 3904 ut
701 3838 887 3906 vestibulum
910 3839 1046 3905 velatum
1069 3839 1179 3906 fronde
1201 3841 1315 3908 vireret

709 3982 739 4047 A
762 3983 789 4046 Β
834 4004 855 4047 a
877 3982 896 4045 b

310 4097 424 4166 LXIV.
441 4099 517 4168 215.
541 4099 643 4166 Gnate
666 4097 741 4164 mibi
765 3977 829 4163 vit'a
847 4096 1013 4183 jocundior
1034 4098 1125 4166 unice
1147 4100 1241 4182 longa
