3000 4500
600 228 823 294 „27-

177 425 284 494 tudine
311 426 491 509 abhorrere,
522 427 594 509 quia
621 427 715 510 priori
736 425 928 492 hemistichio
951 422 1078 488 nimium
1101 422 1247 505 ponderis

177 543 325 625 tribuitur,
349 542 481 607 alterum
502 561 578 624 prae
601 542 702 624 priore
726 542 824 608 levius
847 541 880 606 fit
895 546 989 622 atque
1011 543 1244 621 praegravatur.

176 665 333 741 atcunque
355 657 434 724 haec
457 677 506 723 res
529 677 598 724 sese
621 657 728 740 hahet,
757 657 895 723 Catullus
918 656 998 722 hanc
1020 674 1161 720 normam
1184 672 1247 734 qua

178 875 208 939 3.
237 888 396 938 caesura
419 877 502 953 post
523 843 677 937 tertium
699 871 848 954 figurae
872 869 1073 935 membrum
1094 868 1247 954 ponitur

617 1039 639 1077 a
662 1013 679 1076 d
705 1012 735 1077 A
756 1011 760 1099 Ι
780 1014 812 1078 Β

177 1147 224 1213 bis
246 1152 366 1212 tautum
387 1146 476 1228 sequi
498 1146 594 1210 voluit
616 1144 672 1228 his,
696 1165 774 1226 quos
797 1145 931 1228 adpono‚
955 1145 1043 1210 locis:

285 1280 385 1336 LXIV.
405 1284 448 1337 80.
482 1280 549 1346 Quis
575 1285 695 1348 angusta
719 1280 798 1335 malis
824 1296 908 1349 quum
936 1279 1047 1335 moenia
1072 1285 1206 1336 vexarent
1240 1320 1247 1333 .

339 1369 438 1426 LXVI.
458 1372 500 1426 57.

178 1475 299 1544 accedit
324 1475 408 1559 quod
435 1477 502 1542 sine
529 1475 623 1541 dubio
645 1477 677 1541 in
700 1477 798 1543 altero
821 1476 964 1559 exemplo
987 1474 1093 1540 durior
1114 1473 1247 1539 vocabu-

177 1593 278 1659 lorum
307 1592 481 1657 collocatio
500 1592 641 1657 auxihari
673 1593 821 1658 incisione
855 1592 976 1658 tollitur.
1023 1596 1185 1674 praeterea
1216 1587 1249 1653 id

181 1728 300 1792 quoque
322 1707 398 1772 mihi
418 1707 676 1774 considerandum
691 1707 813 1774 videtur
828 1707 911 1790 quod
932 1707 963 1771 in
982 1707 1138 1787 utriusque
1155 1704 1249 1770 versi·

178 1824 239 1888 culi
265 1823 346 1906 pede
374 1824 481 1905 quinto
508 1823 664 1906 spondeus
687 1823 841 1888 admissus
864 1828 920 1888 est.
967 1841 1030 1902 qua
1058 1841 1092 1885 re
1120 1819 1250 1885 efficitur

177 1945 212 2004 ut
227 1939 316 2021 quasi
332 1938 488 2020 quaedam
503 1936 764 2004 hemistichiorum
780 1937 953 2020 aequalitas
974 1937 1160 2002 restituatur.
1192 1933 1249 2000 sed

177 2055 274 2120 multo
297 2054 386 2120 aliter
407 2074 457 2120 000
479 2074 548 2120 0000
570 2053 666 2120 habet
688 2054 720 2118 in
742 2053 802 2118 hoc
826 2054 992 2118 versiculo:

286 2189 384 2243 LXIV.
404 2192 447 2244 81.
467 2190 537 2257 Ipsc‘
552 2204 632 2242 suum
651 2186 779 2242 Theseus
798 2203 848 2256 pro
869 2188 940 2241 caris
960 2202 1062 2257 corpus
1081 2183 1203 2240 Athenis

177 2297 210 2361 in
232 2296 292 2361 hoc
315 2298 397 2363 enim
420 2295 563 2377 exemplo
586 2316 648 2360 non
672 2294 744 2359 bina
767 2293 824 2359 sed
847 2300 935 2359 terna
958 2293 1105 2358 attributa
1128 2298 1159 2359 et
1181 2293 1252 2357 sub-

177 2412 313 2477 stantiva
347 2412 510 2477 artificiose
543 2409 708 2495 conjuncta
737 2415 809 2475 sunl
843 2416 874 2474 et
907 2407 1100 2475 hemistichia
1134 2408 1248 2491 optimc

178 2529 257 2595 inter
279 2548 348 2594 sese
372 2526 569 2611 respondent.
607 2526 700 2591 liceat
723 2524 840 2591 addere
863 2525 958 2590 alium
980 2525 1173 2605 versiculum,
1198 2523 1251 2605 qui

178 2644 270 2710 simili
292 2644 410 2709 ratione
434 2642 620 2725 compositus
643 2647 703 2708 est:

286 2779 386 2834 LXVI.
400 2781 442 2834 11.
464 2780 524 2843 Qua
542 2794 590 2832 rex
609 2779 777 2846 tempestate
797 2792 870 2832 novo
889 2782 987 2830 auctus
1007 2773 1169 2844 hymenaeo.

177 2886 210 2949 in
232 2885 350 2968 Vergili
373 2883 486 2950 deinde
510 2883 686 2967 Georgicon
714 2882 791 2946 libro
819 2882 918 2965 primo
947 2887 1033 2947 extat
1055 2879 1105 2945 hic
1128 2900 1250 2946 versus:

286 3019 385 3073 LXVI.
398 3022 460 3076 276.
479 3021 546 3089 Ipsa
565 3019 626 3072 dies
646 3018 715 3071 alios
735 3017 790 3070 alio
809 3015 886 3071 dedit
905 3014 1000 3068 ordine
1019 3016 1085 3068 luna

179 3145 241 3208 qua
270 3125 303 3190 in
329 3146 363 3191 re
387 3124 456 3210 jam
483 3124 641 3189 adfinem
664 3122 875 3205 pervenimus,
906 3122 1051 3203 quoniam
1073 3121 1105 3185 in
1127 3120 1250 3186 Lucreti

178 3241 358 3328 Vergiliqua
381 3239 529 3322 versibus
558 3257 687 3320 quorum
709 3257 767 3303 nos
790 3238 821 3302 in
845 3236 1052 3319 disputatione
1074 3242 1180 3300 nostra
1202 3256 1250 3299 ra-

177 3357 293 3421 tionem
314 3354 473 3420 habituros
496 3374 566 3420 esse
589 3353 731 3435 diximus,
756 3353 874 3417 nullum
897 3351 989 3435 hujus
1006 3351 1116 3415 tertiae
1131 3350 1250 3432 figurae

177 3472 355 3555 exemplum
376 3470 511 3553 reperire
534 3476 720 3553 poteramus.

267 3665 331 3733 Sed
355 3664 505 3747 quidquid
533 3669 627 3730 antea
656 3663 894 3747 disputavimus,
926 3662 959 3727 id
987 3682 1079 3727 omne
1106 3662 1251 3745 pertinuit

177 3781 219 3847 ad
248 3801 320 3847 eam
347 3781 492 3864 figuram,
522 3799 584 3861 qua
607 3780 746 3846 membra
769 3778 876 3844 ordine
899 3776 1051 3860 parallelo
1075 3776 1248 3843 decurrunt.

175 3898 329 3978 reliquum
351 3902 399 3962 est
419 3901 453 3960 ut
477 3894 625 3978 deinceps
641 3894 781 3959 dicamus
803 3893 843 3958 de
858 3893 918 3957 illis
940 3892 1099 3975 exemphs‚
1120 3909 1250 3972 quorum

176 4013 316 4079 membra
339 4012 440 4095 posita
463 4017 534 4077 sunt
