3000 4500
192 1892 345 2032 Veteres
368 1966 557 2031 Graecorum
579 1966 819 2048 Latinorumque
848 1968 1012 2058 scriptores
1040 1967 1073 2032 in
1099 1969 1263 2035 verborum

194 2081 397 2146 collocatione
413 2081 597 2163 quibusnam
614 2082 750 2147 artificiis
773 2083 820 2147 usi
843 2083 904 2148 sint
921 2083 991 2167 jam
1013 2083 1134 2166 pridem
1156 2086 1265 2150 avinis

193 2196 291 2264 doctis
314 2196 488 2280 quaesitum
510 2202 567 2263 est.
613 2218 687 2264 nam
714 2218 777 2263 non
804 2198 873 2264 illos
895 2203 1015 2263 tantum
1038 2199 1173 2283 ordines,
1203 2200 1263 2283 qui,

193 2333 286 2395 quum
309 2319 421 2378 natura
444 2311 523 2379 duce
547 2313 697 2396 oriantur,
721 2314 863 2379 omnibus
884 2314 917 2377 in
939 2314 1052 2396 linguis
1075 2315 1265 2381 usitatissimi
1302 2397 1306 2402 ἡ

192 2435 270 2512 sunt,
295 2428 435 2494 adhiberi
457 2427 608 2511 videmus,
631 2428 688 2494 sed
708 2429 771 2494 alia
786 2409 907 2512 quoque
923 2428 1133 2495 collocationis
1147 2451 1266 2514 genera

192 2564 344 2627 persaepe
359 2543 563 2626 inveniuntur,
587 2544 744 2625 inquibus
765 2564 827 2608 non
844 2543 972 2609 dubium
986 2550 1033 2610 est
1048 2547 1122 2627 quin
1137 2546 1266 2629 scriptor

191 2659 328 2725 studium
342 2659 492 2723 naturalis
506 2658 671 2723 verborum
686 2659 778 2724 seriei
792 2658 941 2724 vitandae
957 2666 1081 2725 secutus
1097 2661 1145 2726 sit.
1182 2661 1265 2743 quod

192 2774 329 2840 maxime
344 2795 365 2838 a
379 2773 479 2856 poetis
502 2773 617 2838 factum
641 2794 709 2839 esse
733 2779 975 2841 consentaneum
998 2781 1053 2858 est,
1078 2777 1192 2858 quippe
1213 2777 1265 2858 qui

195 2910 289 2973 quum
304 2890 407 2954 multis
423 2889 492 2954 aliis
507 2890 607 2972 rebus,
632 2891 784 2973 commoti,
812 2890 891 2956 inter
913 2911 991 2973 quas
1014 2890 1154 2955 afflatum
1177 2892 1266 2973 quasi

192 3004 339 3089 divinum,
361 3005 413 3087 qui
431 3005 463 3069 in
479 3004 604 3070 dicendi
624 3005 838 3087 scribendique
854 3011 920 3071 arte
935 3027 998 3071 non
1014 3007 1103 3089 parvi
1118 3007 1266 3071 momenti

192 3127 252 3203 est,
286 3140 508 3203 commemoro,
538 3125 602 3184 tum
625 3121 763 3203 vinculo,
797 3120 879 3203 quod
902 3122 934 3185 in
956 3122 1062 3186 metris
1090 3128 1138 3186 est
1164 3122 1264 3203 situm,

192 3236 291 3302 coacti
318 3235 455 3301 maxime
483 3234 690 3317 facillimeque
718 3236 890 3301 naturalem
920 3236 1083 3300 verborum
1115 3235 1264 3318 ordinem,

194 3352 295 3433 qualis
318 3371 358 3417 ex
381 3358 512 3416 natiuae
535 3350 656 3433 legibus
678 3350 758 3415 ultro
781 3370 850 3416 sese
873 3351 975 3433 offert,
1000 3351 1079 3416 serie
1102 3350 1267 3415 artificiosa

188 3473 310 3532 mutare
342 3466 470 3549 possint.
517 3473 609 3548 atque
641 3486 682 3531 en
711 3466 814 3531 latinis
844 3467 943 3549 poetis
966 3466 1121 3531 Catullum
1148 3467 1267 3550 praeci·

191 3601 262 3666 pue,
286 3602 326 3647 ex
349 3601 410 3664 quo
433 3580 537 3646 studia
559 3601 631 3646 mea
653 3580 696 3646 ad
718 3580 856 3664 lepidum
879 3581 971 3666 hujus
994 3588 1106 3664 poetae
1127 3583 1265 3648 libellum

191 3696 334 3764 conferre
359 3697 457 3784 coepi,
480 3697 513 3761 in
528 3696 691 3761 verborum
707 3697 909 3762 collocatione
927 3703 1028 3763 certas
1050 3718 1174 3763 normas
1197 3698 1267 3763 arti·

191 3812 314 3877 ficiosas
347 3811 524 3877 adhibuisse
555 3830 650 3892 quum
682 3812 872 3877 intellexisse
906 3812 981 3877 mihi
1014 3812 1151 3894 viderer,
1186 3812 1268 3877 hanc

192 3939 259 3993 rem
287 3927 416 4011 dignam
444 3947 513 3994 esse
541 3925 663 4010 putavi,
692 3924 732 3991 de
760 3947 824 4008 qua
852 3926 1030 3993 adcuratius
1057 3927 1197 4010 quaestio
1224 3928 1268 3991 in-

192 4044 378 4111 stitueretur.
425 4063 485 4126 quo
513 4043 545 4108 in
572 4042 696 4125 negotio
724 4041 845 4106 initium
867 4042 1045 4109 faciendum
1068 4063 1137 4109 esse
1163 4042 1269 4107 censui

1071 4151 1107 4207 1*
