3000 4500
646 170 868 234 -44-

312 363 400 429 Haec
428 368 500 428 sunt
526 381 566 429 ea
593 380 675 446 quac
702 364 836 429 dicenda
864 386 934 432 esse
962 366 1137 432 existimavi
1158 365 1199 433 de
1222 366 1296 431 arti·

223 478 336 543 ficiosis
363 479 484 561 figuris,
518 498 599 560 quae
633 479 666 543 in
689 479 802 543 Catulli
836 479 1024 546 hexametris
1056 480 1217 565 dactylicis
1249 483 1295 546 in-

223 595 397 659 veniuntur.
421 593 478 659 sed
501 593 541 659 de
563 613 627 658 una
648 600 768 658 tantum
792 616 825 659 re
848 595 941 660 liceat
958 596 1032 660 mihi
1047 615 1150 679 pauca
1165 595 1294 679 addere,

224 729 305 791 quae
328 708 402 774 mibi
425 728 445 772 a
467 710 624 792 proposito
647 716 749 774 nostro
773 709 858 774 haud
882 710 985 776 aliena
1001 710 1155 776 videntur.
1191 713 1297 777 omnia

224 826 305 890 enim
328 824 482 908 exempla,
505 844 587 907 quae
610 825 740 908 singulis
762 827 868 907 liguris
889 826 1059 891 artificiosis
1082 826 1295 911 adposuimus,

223 958 285 1004 uno
308 940 480 1020 eodemque
503 941 536 1006 in
550 942 702 1007 versiculo
717 942 921 1025 reperiuntur.
956 948 1096 1006 attamen
1109 941 1176 1008 fieri
1192 948 1297 1025 potest

223 1062 257 1120 ut
279 1061 424 1137 quattuor
446 1057 565 1139 figurae
588 1058 726 1123 membra
749 1077 807 1140 per
829 1056 908 1122 duos
930 1077 1039 1123 versus
1060 1062 1204 1140 porrecta
1223 1058 1295 1123 sint.

224 1190 414 1252 quamquam
441 1172 502 1237 boc
529 1172 625 1236 multo
654 1174 754 1238 rarius
781 1172 848 1238 tien'
870 1174 1018 1239 concedo.
1064 1173 1122 1239 sed
1144 1173 1229 1255 quod
1252 1173 1297 1239 ad

224 1287 355 1353 alterum
371 1287 430 1352 hoo
444 1307 545 1371 genus
564 1289 706 1370 pertinet,
729 1288 882 1368 loquimur
905 1287 945 1354 de
967 1289 1028 1355 illis
1050 1294 1169 1353 tantum
1192 1308 1297 1356 exem

223 1402 293 1486 plis,
317 1421 398 1483 quae
421 1409 476 1469 aut
497 1402 582 1468 nullo
605 1416 659 1468 aut
682 1422 744 1467 uno
763 1409 881 1467 tantum
898 1403 959 1467 alio
975 1403 1069 1469 verbo
1084 1402 1296 1469 intercedente

225 1524 337 1584 exacta
359 1525 439 1583 sunt.
485 1518 545 1582 hac
572 1519 653 1584 enim
682 1519 750 1584 sola
778 1518 972 1600 condicione,
1000 1519 1026 1584 si
1049 1518 1148 1602 figura
1170 1539 1211 1584 ex
1232 1538 1296 1582 uno

224 1633 256 1698 in
289 1634 381 1698 alium
415 1634 601 1700 versiculum
632 1634 816 1716 traducitur,
848 1653 947 1717 genus
976 1633 1054 1698 illud
1084 1634 1296 1700 collocationis

225 1750 408 1816 artificiosae
432 1751 471 1815 ab
495 1751 540 1833 iis,
565 1751 616 1834 qui
640 1750 778 1815 carmina
800 1750 908 1834 legunt
926 1750 978 1815 vel
993 1748 1132 1832 audiunt,
1156 1749 1296 1814 animad-
1349 1756 1353 1761 ’

224 1866 303 1932 verti
325 1871 435 1949 potest.
483 1866 565 1946 quod
594 1865 720 1931 minime
748 1865 876 1930 sentitur
899 1871 930 1930 et
952 1865 1046 1948 plane
1069 1865 1239 1949 evanescit,
1268 1866 1296 1931 si

224 1983 391 2065 figurarum
415 1982 554 2046 membra
576 1982 785 2065 compluribus
807 1982 876 2046 aliis
899 1981 1026 2046 vocibus
1048 1980 1191 2064 sejuncta
1212 1987 1294 2046 sunt.

225 2097 314 2182 cujus
351 2095 434 2161 modi
472 2097 617 2180 exempla
658 2097 690 2161 in
727 2097 867 2162 versibus
908 2096 1096 2162 hexametris
1134 2095 1296 2181 dactylicis

225 2213 305 2280 haec
331 2214 541 2279 inveniuntur:
587 2213 699 2279 LXIV.
729 2214 870 2280 so—av.
899 2213 1082 2279 105-106.
1109 2213 1295 2278 rib-rto.

229 2332 428 2396 192-193·4
451 2331 523 2394 194.
557 2332 743 2396 rao-281.
775 2331 961 2395 ara-319.
1008 2346 1089 2409 quae
1124 2347 1218 2409 quum
1252 2328 1296 2391 ita

225 2467 293 2512 sese
322 2444 471 2526 habeant,
501 2444 570 2528 jam
605 2444 647 2507 ad
673 2445 766 2509 finem
800 2444 893 2529 hujus
921 2442 1144 2509 dissertationis
1172 2447 1295 2508 nostrae

166 2637 170 2664 η
225 2560 395 2644 particulae
423 2559 532 2643 prioris
559 2560 767 2641 pervenimus.
818 2561 923 2641 itaque
953 2565 988 2622 ut
1014 2577 1165 2623 summam
1194 2576 1295 2623 rerum

165 2667 171 2760 J
227 2695 348 2757 earum,
377 2694 455 2757 quas
477 2675 664 2757 invenimus,
694 2675 828 2741 breviter
855 2681 1046 2757 repetamus,
1074 2672 1214 2737 Catullus
1236 2671 1296 2736 bac

225 2792 257 2857 in
279 2812 313 2857 re
337 2810 407 2856 eam
430 2809 569 2855 normam
593 2797 718 2856 secutus
742 2796 802 2874 est,
826 2796 860 2853 ut
882 2788 1062 2872 saepissime
1085 2788 1297 2853 libentissime·

226 2926 286 2989 que
318 2907 388 2972 illas
420 2906 536 2989 figuras
568 2904 743 2986 adhiberet,
780 2905 890 2986 quibus
922 2903 1116 2968 substantiva
1144 2903 1296 2968 attributis

224 3028 491 3107 postponerentur.
528 3040 591 3102 qua
613 3022 646 3086 in
668 3041 702 3085 re
726 3020 802 3085 nihil
824 3020 958 3103 interest,
981 3025 1083 3083 utrum
1104 3018 1211 3084 ordine
1227 3036 1297 3083 oon·

225 3138 319 3203 trario
347 3157 387 3203 an
415 3136 566 3221 parallelo
595 3136 734 3201 membra
762 3136 823 3201 sint
844 3135 955 3218 posita.
1002 3134 1103 3199 minus
1129 3134 1298 3217 probantur

225 3253 269 3319 illi
298 3252 436 3335 ordines,
464 3253 496 3317 in
525 3252 635 3333 quibus
663 3257 718 3315 aut
745 3253 830 3333 prius
857 3249 1081 3316 substantivum
1105 3250 1297 3332 alterumque

226 3369 403 3434 attributum
435 3373 490 3431 aut
520 3367 605 3449 prius
637 3367 814 3431 attributum
848 3365 1041 3445 alterumque
1072 3365 1298 3430 substantivum

225 3483 426 3568 praecedunt.
473 3483 552 3548 inter
575 3501 654 3563 quas
676 3482 761 3565 ipsas
784 3481 900 3564 figuras
923 3499 985 3545 non
1007 3480 1137 3544 multum
1160 3480 1296 3545 interest.

227 3619 320 3681 quam
348 3599 483 3664 maxime
512 3604 616 3662 autem
639 3597 684 3661 illi
707 3595 831 3668 ordines
853 3596 1002 3676 vitantur,
1029 3595 1060 3659 in
1089 3595 1201 3676 quibus
1228 3594 1298 3659 sub·

227 3715 362 3780 stantiva
386 3712 538 3778 attributis
560 3712 805 3795 praemittuntur.
839 3709 953 3776 deinde
977 3709 1061 3790 quod
1080 3710 1123 3774 ad
1138 3730 1297 3776 caesuram

229 3831 351 3912 attinet,
380 3828 521 3894 omnibus
543 3828 576 3893 in
597 3828 704 3910 figuris
727 3827 843 3910 pariter
864 3833 935 3909 post
957 3826 1089 3908 primum
1113 3825 1206 3907 atque
1229 3831 1300 3907 post

229 3947 359 4013 alterum
387 3944 558 4010 membrum
586 3942 742 4009 rarissime
770 3948 840 4026 post
867 3941 987 4008 tertium
1012 3939 1145 4005 vidimus
1168 3948 1298 4007 metrum
