3000 4500
675 207 899 271 ..50-

314 403 354 481 lt.
390 402 493 506 prius
521 401 780 481 substantivum
810 408 847 481 et
874 402 1023 480 altem
1053 401 1260 479 attributum

654 535 931 638 praemittuntur

253 716 349 761 unum
370 702 489 762 tantum
513 715 612 779 genus
635 695 777 761 adhiberi
798 694 941 762 videmus

696 838 727 902 A
750 839 768 902 b
789 835 793 925 l
814 861 834 901 a
855 839 887 902 B

254 980 399 1064 exempla
421 1000 496 1047 vero
518 985 590 1046 sunt
612 979 704 1046 haec:

364 1125 452 1180 LXV.
465 1126 508 1180 14.
527 1124 642 1178 Daulias
661 1124 802 1192 absumpti
819 1121 877 1179 feta
895 1139 1011 1191 gemens
1029 1125 1119 1194 ltylei.
1146 1123 1260 1180 LXVII.
1279 1126 1324 1182 32.

416 1215 544 1269 LXVIIL
563 1214 756 1270 5411111111.
776 1215 803 1270 4.
823 1212 1007 1267 LXXXXIX.
1027 1215 1053 1289 2.
1073 1216 1115 1270 14.

254 1338 330 1405 ordo
353 1339 503 1404 naturalis
525 1339 557 1404 in
579 1338 639 1404 hoc
660 1338 813 1405 versiculo
835 1338 937 1403 minus
959 1338 1117 1421 probatur:

298 1481 425 1547 LXVII.
445 1482 497 1547 32.
522 1480 668 1565 Cycneae
691 1479 838 1563 speculae
860 1480 967 1544 Btixia
989 1481 1148 1563 supposita

255 1622 368 1689 deinde
392 1623 485 1689 etiam
508 1621 588 1689 haec
609 1621 709 1704 figura
732 1621 897 1687 artificiosa
920 1621 1059 1688 adhiberi
1081 1621 1191 1704 pobiit:

696 1766 765 1830 aB
811 1764 883 1829 bA

299 1882 511 1949 LXXXXIX.
530 1883 560 1947 2.
584 1880 676 1947 Dulci
698 1762 872 1947 suavdolum
896 1880 1015 1945 dulcius
1037 1881 1192 1947 ambrosia
1298 1966 1303 1975 ἱ

401 2048 417 2083 „
512 2000 563 2063 14.
588 1997 681 2062 Tristi
704 1996 876 2063 suaviolum
898 1997 1013 2061 tn'stius
1034 1996 1191 2062 helleboro

254 2140 368 2208 deinde
391 2141 486 2206 etiam
508 2138 587 2205 haec
608 2138 709 2222 figura
731 2138 897 2203 artificiosa
919 2137 1057 2203 adhiberi
1081 2140 1191 2221 potnit:

697 2280 884 2369 aBle

297 2398 510 2466 LXXXXIX.
528 2402 558 2464 2.
582 2398 674 2464 Duloi
697 2398 871 2463 suaviolum
894 2396 1014 2463 dulcim
1037 2398 1192 2463 ambrosia

398 2565 414 2599 ‚‚
508 2517 559 2580 14.
583 2515 676 2579 Tristi
699 2513 872 2579 suaviolum
895 2514 1010 2578 tristius
1032 2512 1189 2579 helleboro

255 2638 392 2698 attamen
414 2630 474 2695 hac
496 2631 615 2695 ratione
639 2629 833 2695 hemistichia
859 2629 959 2694 minus
983 2628 1145 2694 antificiose
1169 2631 1323 2695 continen-

254 2754 313 2813 tur.
359 2748 468 2813 tentiae
492 2745 605 2812 deinde
628 2746 745 2828 classis,
769 2746 801 2810 in
823 2765 885 2829 qua

319 2947 353 3023 l.
389 2944 492 3047 prius
521 2942 731 3022 attributum
759 2950 796 3021 et
823 2942 973 3020 alterum
1004 2943 1260 3021 substantivum

656 3078 933 3180 praemittuntur

345 3246 376 3304 et
398 3237 449 3303 hic
471 3257 593 3321 quoqne
616 3237 660 3303 ita
681 3243 802 3301 tantum
824 3244 858 3302 ut
880 3236 1020 3302 membra
1042 3235 1149 3302 ordine
1172 3237 1324 3302 contrario

254 3353 399 3437 legantur
429 3354 545 3437 pariter
576 3358 668 3436 atque
701 3353 733 3417 in
762 3353 903 3419 versibus
934 3351 1121 3418 hexametris
1153 3352 1323 3436 dactylicis,

255 3469 400 3552 exempla
426 3468 506 3535 haec
527 3469 736 3535 inveniuntur:

281 3649 309 3710 1.
334 3665 495 3713 caesura
517 3646 639 3713 locum
660 3646 824 3714 habente
846 3654 933 3731 post
954 3648 1060 3730 prins
1082 3647 1301 3713 attributum

698 3813 718 3854 a
736 3787 741 3878 l
762 3792 793 3855 B
814 3790 831 3853 b
854 3792 886 3855 A

363 3921 464 3977 nxvn
482 3926 526 3979 no.
548 3924 691 3982 nvnene
710 3942 784 3982 novo
802 3926 906 3993 praetia
924 3930 1003 3981 torva
1021 3925 1087 3981 veo.
1115 3925 1242 3981 nxvm.
1264 3928 1323 3981 100.
1428 3909 1434 3916 ”
