3000 4500
552 264 797 367 ¹-aa-

594 478 615 522 a
634 457 638 547 1
658 460 685 523 Β
708 458 780 523 Ab

195 576 306 640 LXIV.
326 579 400 642 269.
424 576 483 641 Hic
505 574 663 659 placidum
686 576 788 657 qualis
809 574 886 640 flatu
909 594 994 640 mare
1017 575 1167 639 matutino

149 696 269 756 mutata
291 690 405 757 deinde
428 710 557 757 caesura
580 692 673 758 etiam
695 691 728 758 in
748 691 808 756 hac
824 692 925 774 figura
942 688 1135 757 hemistichia
1151 710 1221 755 con·

145 806 239 891 jungi
260 813 417 889 poterant:

593 941 612 985 a
634 924 660 987 B
682 920 686 1010 l
705 922 736 987 A
759 923 778 987 b

193 1037 305 1103 LXIV.
324 1040 398 1104 269.
422 1039 481 1104 Hic
502 1037 660 1138 placicium
683 1037 759 1103 flatu
783 1037 883 1118 qualis
905 1056 991 1103 mare
1013 1038 1163 1103 matutino

148 1181 315 1246 formarum
337 1202 420 1265 vero,
443 1181 476 1246 in
500 1181 609 1262 quibus

238 1404 242 1421 ⁴
346 1379 376 1442 2.
409 1395 571 1443 caesura
598 1379 634 1443 in
661 1376 785 1444 medic
812 1377 939 1459 posita
965 1383 1022 1442 est

589 1500 621 1583 'A
642 1521 659 1584 1
681 1518 737 1606 111
759 1543 779 1582 a

146 1636 293 1719 exempla
315 1643 385 1701 sunt
406 1634 498 1702 haec:
530 1702 536 1711 ,

253 1769 354 1827 LXIV.
367 1774 429 1826 311.
449 1774 542 1827 Laeva
560 1773 651 1827 colum
669 1773 743 1828 melli
761 1773 824 1827 lana
843 1771 979 1828 retinebat
997 1770 1134 1827 amictum.
1153 1773 1215 1827 392.

306 1860 448 1914 Lxxxx.
468 1865 494 1917 5.

145 1983 176 2042 et
197 1978 329 2060 primum
352 1977 478 2059 quidem
501 1978 595 2042 aham
618 1977 749 2060 figuram
772 1977 969 2043 artificiosam
991 1976 1130 2044 Catullus
1157 1977 1216 2043 hoc

144 2095 237 2161 medo
260 2094 382 2160 efficere
405 2095 515 2178 potuit:

587 2230 607 2275 a
629 2211 655 2275 B
677 2207 680 2297 l
700 2210 730 2276 A
752 2211 772 2276 b

187 2328 300 2393 LXIV.
318 2330 393 2393 311.
418 2327 503 2392 Molli
525 2327 619 2393 laeva
641 2328 743 2393 colum
765 2328 839 2392 lana
860 2327 1013 2392 retinebat
1036 2327 1182 2391 amictum

237 2491 252 2526 „
317 2446 391 2508 392.
416 2442 494 2508 Cum
517 2449 582 2509 tcta
603 2442 720 2527 Delphi
743 2442 882 2509 certatim
906 2464 946 2508 ex
969 2443 1044 2508 urbe
1068 2448 1191 2509 ruentes

586 2568 616 2633 A
637 2569 663 2632 Β
684 2565 689 2655 l
710 2588 730 2631 a
752 2569 772 2632 b

187 2681 300 2750 LXIV.
323 2686 397 2750 311.
435 2685 525 2749 Lana
547 2686 640 2751 laeva
662 2684 763 2750 celum
786 2683 871 2749 molli
893 2683 1046 2750 retinebat
1069 2684 1212 2749 amictum

584 2811 614 2875 A
635 2811 662 2874 B
684 2807 728 2896 lh
751 2828 772 2873 a

187 2923 299 2989 LXIV.
322 2927 397 2990 311.
435 2926 543 2992 Laeva
565 2927 665 2992 colum
689 2925 762 2991 lana
786 2926 871 2991 molli
893 2925 1046 2992 retinebat
1067 2926 1211 2990 amictum

143 3066 219 3147 quid
240 3087 314 3133 vero
337 3069 455 3134 intersit
475 3069 556 3135 inter
577 3068 670 3153 hujus
691 3069 810 3152 figurae
832 3070 964 3152 primum
980 3069 1120 3150 interque
1135 3068 1211 3133 alte·

142 3202 208 3246 rum
238 3204 337 3266 genus
362 3184 436 3250 inde
463 3184 554 3251 facile
583 3183 788 3252 animadverti
816 3190 917 3268 potest
944 3184 1027 3266 quod
1054 3184 1086 3249 in
1109 3184 1210 3267 priore

141 3319 205 3364 nen
226 3300 351 3383 legitur:

187 3433 391 3501 1111111269.
415 3436 475 3500 Hic
497 3435 573 3501 flatu
595 3436 751 3518 placidum
776 3436 876 3517 qualis
899 3453 985 3499 mare
1007 3434 1157 3499 matutine

234 3598 249 3633 ,‚
314 3554 388 3618 376.
412 3547 522 3618 Nutrix
544 3553 685 3618 nascenti
706 3572 769 3617 nen
791 3553 876 3616 illam
899 3551 969 3618 luce
991 3551 1129 3616 revisens

138 3699 236 3777 poeta
262 3694 343 3759 enim
371 3713 424 3776 ea,
453 3713 546 3775 quam
576 3696 725 3777 captavit,
754 3695 855 3777 figura
881 3693 1076 3759 hemistichia
1102 3693 1212 3758 melius

135 3812 221 3875 inter
247 3830 316 3877 sese
345 3811 513 3895 conjunxit.
560 3811 643 3893 qued
666 3811 800 3876 studium
824 3811 904 3875 ultro
926 3809 1028 3875 emisit
1049 3810 1080 3874 in
1104 3811 1210 3889 altere,

136 3926 192 3993 uhi
214 3925 266 3991 hic
287 3927 456 3992 versiculus
479 3927 620 4011 ccmpcni
642 3933 776 4010 peterat:

184 4067 297 4134 LXIV.
315 4071 390 4135 392.
415 4037 562 4136 Certatim
584 4069 700 4153 Delphi
723 4089 792 4136 cum
815 4075 881 4136 tcta
903 4089 943 4137 ex
966 4070 1041 4136 urbe
1064 4074 1188 4134 ruentes
