3000 4500
596 261 820 323 „29..

171 460 206 520 ut
228 459 373 537 quattuor
395 452 511 519 ordinis
534 453 688 520 artificiosi
710 453 851 518 membra
874 453 1073 536 conveniant,
1104 453 1137 518 id
1160 452 1245 535 quod

172 571 247 652 quia
273 570 375 635 minus
402 569 530 653 elegans
557 568 734 651 videbatur,
765 569 856 634 vitari
882 568 1099 634 intelleximus.
1146 570 1246 635 altera

171 687 205 750 in
226 691 315 768 parte
339 684 550 768 exemplorum
572 684 631 748 hoe
647 685 756 749 vitium
778 683 909 751 inveniri
931 684 1033 749 minus
1055 690 1165 768 potest,
1189 684 1245 749 sed

172 802 262 867 deest
284 802 379 867 etiam
402 800 551 883 optimum
577 799 654 864 illud
682 798 944 865 hemistichiorum
971 801 1051 866 inter
1077 820 1147 866 sese
1175 819 1246 864 con-

172 915 394 982 nectendorum
410 915 581 981 artificium.
617 914 731 980 deinde
754 914 839 979 haud
863 916 927 981 scio
950 937 991 980 an
1014 935 1143 981 numero
1166 913 1246 981 ordi-

172 1052 261 1115 num,
297 1031 349 1114 qui
376 1031 465 1098 vitati
495 1036 579 1113 sunt,
614 1029 717 1114 majus
745 1036 935 1095 momentum
957 1029 1153 1096 tribuendum
1177 1049 1246 1096 esse

173 1148 338 1230 quisquam
371 1145 456 1212 dicat
488 1145 590 1212 studio
625 1146 868 1211 coacervationis
900 1146 1107 1211 membrorum
1141 1146 1247 1227 quinto

172 1264 269 1330 verbo
283 1260 493 1328 intercedente
510 1259 667 1327 vitandae.
698 1281 773 1326 nam
794 1260 827 1326 hi
843 1260 965 1326 ordines
985 1260 1140 1343 repudiati
1160 1265 1246 1326 sunt:

216 1395 316 1459 LXII.
333 1396 386 1460 46.
412 1394 490 1459 (lum
513 1394 615 1460 amisit
638 1398 758 1459 castum
780 1394 896 1476 polluto
919 1413 1045 1477 corpore
1068 1392 1175 1459 florem

217 1510 314 1576 LXV.
334 1512 385 1575 19.
409 1509 452 1574 Ut
474 1510 578 1592 sponsi
601 1510 728 1575 missum
749 1508 862 1575 furtivo
884 1530 1011 1575 munere
1034 1509 1151 1575 malum

218 1626 346 1691 LXVII.
365 1627 418 1690 29.
441 1626 559 1691 Nemas
581 1625 741 1708 egregium
764 1625 843 1689 mira
865 1625 980 1707 pietate
1003 1632 1165 1708 parentem

218 1741 364 1807 LXVIII.
387 1743 440 1811 49.
479 1741 546 1806 Neo
569 1747 679 1806 terem
701 1747 827 1806 tenuem
850 1740 989 1807 sublimis
1011 1761 1128 1807 aranea
1150 1742 1246 1807 telam

174 1866 261 1949 quali
281 1867 400 1932 ratione
423 1865 450 1931 si
473 1865 569 1931 verba
592 1864 787 1947 collocasset,
816 1865 944 1947 optime,
973 1871 1006 1929 ut
1028 1866 1153 1949 saepius
1176 1864 1246 1950 jam

172 1981 357 2064 invenimus,
380 1980 442 2046 dno
457 1979 651 2046 hemistichia
666 1979 805 2044 Catullus
821 1980 1038 2065 conjunxisset.
1067 1981 1140 2045 nolo
1163 1982 1246 2047 enim

172 2098 266 2163 nimis
296 2116 437 2180 premere
468 2094 533 2161 fieri
565 2096 700 2178 potuIsse
732 2100 767 2159 ut
793 2094 852 2160 has
880 2115 1002 2178 qnoque
1030 2096 1246 2163 collocationes

173 2219 270 2298 poeta
292 2217 485 2295 sequeretur:

221 2337 333 2403 LXIV.
351 2340 403 2403 99.
428 2337 488 2402 Illa
510 2337 579 2402 tulit
600 2342 732 2418 quantos
755 2336 916 2417 languenti
939 2335 1032 2402 corde
1054 2338 1180 2405 timores

268 2500 284 2537 „
327 2453 400 2518 154.
424 2453 471 2517 Te
494 2453 602 2535 genuit
624 2471 780 2533 quaenam
803 2450 870 2516 sola
892 2451 949 2516 sub
971 2472 1047 2535 rupe
1070 2453 1182 2519 leaena

176 2577 234 2644 sed
257 2597 298 2644 ea
319 2577 389 2660 ipsa
412 2576 451 2642 de
475 2597 578 2659 causa,
602 2581 636 2640 ut
658 2575 852 2641 hemistichia
874 2576 989 2659 pariter
1003 2578 1246 2661 terminarentur,

177 2693 319 2776 quamvis
352 2693 441 2758 aliter
470 2692 589 2775 figurae
623 2691 830 2756 membrorum
864 2692 953 2773 quasi
986 2692 1087 2757 nodus
1121 2693 1247 2774 quidam

176 2810 335 2891 efficiatur,
358 2809 468 2890 aequis
491 2807 624 2873 metricis
647 2805 877 2871 condicionibus
899 2826 962 2872 non
984 2808 1104 2891 scripsit
1126 2809 1183 2873 sic:

222 2942 334 3008 LXIV.
359 2943 434 3007 370.
470 2940 626 3005 lhuncum
649 2939 791 3024 projiciet
813 2940 976 3006 summisso
999 2942 1114 3027 poplite
1137 2962 1249 3026 eorpus

177 3067 374 3134 artificiosam
397 3086 472 3131 vero
494 3065 627 3148 figuram
649 3065 729 3130 nltro
752 3065 925 3146 quaesitam
948 3085 1016 3132 esse
1044 3066 1113 3132 luce
1136 3067 1250 3134 clarius

177 3189 234 3268 est,
258 3182 331 3265 quia
353 3180 385 3246 hi
409 3180 533 3247 ordines
555 3181 713 3247 naturales
735 3178 890 3262 repudiati
912 3187 996 3246 sunt:

223 3316 319 3381 LXV.
336 3316 390 3381 59.
413 3312 458 3379 Ut
479 3314 607 3379 mhsum
629 3312 746 3378 malum
769 3312 881 3379 fu1tivo
903 3334 1030 3381 munere
1053 3315 1158 3398 sponsi

223 3430 367 3498 LXVIII.
384 3433 438 3497 49.
461 3430 529 3496 Neo
551 3434 676 3495 tenrmm
699 3428 796 3495 telam
817 3429 956 3495 subhmis
978 3451 1096 3497 aranea
1118 3437 1227 3498 texens

178 3555 311 3622 accessit
333 3555 427 3622 etiam
449 3553 584 3619 studium
605 3552 867 3620 hemistichiorum
890 3552 1137 3639 aequandorum,
1165 3554 1250 3638 quod

179 3670 320 3737 Catullus
340 3670 424 3736 hanc
445 3669 558 3736 seriem
580 3669 754 3735 naturalem
776 3670 877 3734 minus
898 3670 1054 3753 probavit:

223 3804 336 3870 LXVI.
353 3805 405 3869 33.
429 3803 533 3884 Atque
555 3802 598 3867 ibi
619 3820 670 3866 me
694 3800 811 3866 eunctis
834 3800 914 3865 divis
934 3820 991 3884 pro
1007 3802 1140 3887 conjuge
1156 3803 1247 3868 dulei.

268 3928 364 3995 aliam
378 3926 492 3994 deinde
507 3926 639 4009 figuram
655 3924 852 3991 artificiosam
872 3932 967 4008 poeta
981 3932 1086 3993 noster
1100 3924 1248 3992 adhibere

178 4044 279 4128 potuit
299 4043 394 4110 hanc:
