3000 4500
697 229 919 295 ..38-

272 427 325 492 lib.
346 427 371 490 Ι.
397 427 427 492 9.
452 427 527 492 246.
552 425 626 491 258.
653 427 727 493 388.
751 427 827 491 467.
852 427 927 491 494.
963 425 1068 507 itaque
1083 426 1239 509 Vergilius
1261 425 1345 492 hane

273 542 403 625 figuram
432 541 537 625 paullo
570 542 695 624 saepius
718 541 840 607 videtur
869 540 1046 608 adhibuisse
1069 560 1163 622 quam
1195 542 1343 608 Catullus,

268 658 337 744 jam
361 656 403 721 ad
425 657 510 721 illam
532 676 663 740 pergere
686 675 865 740 possumus,
895 675 975 739 quae
1004 658 1098 722 oritur
1123 677 1254 723 caesura
1274 665 1347 741 post

274 774 358 857 prius
381 772 558 837 attributum
580 772 742 838 collocata.
782 771 839 838 sed
863 780 896 837 ut
918 773 950 838 in
972 772 1097 854 reliquis
1119 772 1225 856 figuris
1247 774 1292 839 ita
1312 775 1347 839 14

274 888 334 954 hac
349 906 472 970 quoque
487 893 580 971 poeta
596 906 666 953 eam
682 888 927 971 collocationem,
950 889 982 953 in
997 907 1058 969 qua
1082 888 1173 954 sedes
1197 908 1346 955 caesurae

274 1010 322 1070 est
343 1009 414 1087 post
435 1003 605 1069 membrum
628 1003 761 1086 tertium,
785 1022 975 1087 magnopere
992 1023 1085 1070 sensu
1099 1002 1222 1086 pulchri
1236 1002 1347 1070 ductus

275 1120 385 1186 vitavit
407 1126 438 1186 et
460 1119 510 1185 hic
533 1118 658 1200 quidem
682 1119 739 1203 ita,
768 1125 802 1184 ut
829 1139 869 1185 ne
897 1139 991 1184 unum
1018 1119 1140 1201 quidem
1169 1119 1347 1203 exemplum

273 1235 413 1303 invenire
440 1236 602 1319 potuerim.
649 1234 732 1317 qued
759 1234 799 1301 de
821 1235 964 1301 Lucretio
988 1240 1019 1300 et
1041 1235 1177 1318 Vergilio
1205 1241 1348 1319 repeten-

275 1352 349 1419 dum
372 1358 428 1419 est.
474 1372 549 1417 nam
571 1353 604 1418 14
626 1352 750 1419 Lucreti
773 1371 865 1418 versu
887 1351 960 1416 hoc:

382 1497 443 1551 413.
462 1495 570 1561 Lingua
586 1511 649 1550 meo
668 1494 762 1550 suavis
781 1495 830 1549 diti
849 1497 885 1550 de
903 1496 1016 1562 pectore
1033 1492 1134 1548 fundet

275 1619 381 1703 paullo
404 1619 494 1685 aliter
515 1637 580 1684 rem
604 1637 673 1685 sese
696 1617 813 1684 habere
840 1618 1037 1684 manifestum
1060 1624 1121 1699 cst,
1153 1618 1227 1699 quia
1258 1619 1350 1686 alteri

274 1734 465 1801 substantivo
486 1734 519 1799 in
543 1734 639 1800 altero
662 1732 853 1799 hemistichio
874 1731 976 1798 denuc
993 1732 1171 1797 attributum
1186 1731 1348 1818 conjungi-

275 1857 332 1916 tur.
367 1855 501 1916 oeterum
525 1848 617 1935 hujus
639 1849 763 1933 generis
785 1867 894 1915 versus
911 1848 1027 1930 pariter
1042 1847 1177 1913 vitantur
1191 1826 1224 1913 fn
1238 1847 1347 1916 ordine

275 1965 427 2050 parallelo
450 1972 543 2047 atque
565 1966 598 2032 14
619 1983 728 2031 norma

626 2158 655 2227 h.
686 2158 811 2229 4411414
836 2157 996 2228 contrarii

276 2304 431 2387 adquam
451 2324 534 2369 nunc
553 2322 609 2368 444
624 2308 849 2369 convertamus.
883 2321 946 2385 qua
968 2303 1000 2367 in
1022 2323 1065 2386 re,
1089 2303 1115 2368 41
1137 2303 1170 2368 14
1193 2303 1347 2388 ejusmodi

275 2420 427 2503 exemplis
450 2425 497 2486 est

360 2601 388 2664 1.
412 2599 517 2664 loeus
540 2616 723 2665 caesurae
745 2604 832 2682 post
853 2598 959 2682 prius
982 2598 1265 2663 substantivum

717 2740 748 2804 A
770 2737 811 2825 lb
834 2741 865 2804 B
887 2763 907 2802 α

274 2883 306 2949 11
328 2883 391 2950 due
413 2883 557 2951 versiculi
579 2880 842 2949 commemorandi
865 2887 948 2947 sunt:

381 3027 482 3084 LXIV.
495 3028 557 3083 269.
576 3027 629 3082 Η14
647 3026 737 3113 qualis
757 3025 825 3082 flatu
843 3026 983 3095 placidum
1001 3042 1076 3082 mare
1097 3027 1240 3082 matutino.
1259 3029 1322 3083 376.

273 3157 402 3233 utroque
430 3152 462 3216 in
490 3170 583 3216 versu
605 3150 745 3216 Catullus
774 3151 927 3216 duriorem
955 3150 1119 3216 verborum
1146 3152 1257 3218 seriem
1286 3150 1344 3215 hoc

197 3331 200 3336 .
273 3267 365 3333 modo
387 3269 487 3334 vitare
509 3267 622 3350 potuit:

316 3410 428 3476 LXIV.
447 3410 521 3475 269.
545 3408 605 3474 Η14
626 3407 703 3474 flatu
725 3409 826 3489 qualis
848 3407 1007 3491 placidum
1030 3427 1116 3474 mare
1139 3373 1289 3475 matutino

364 3574 380 3610 „
444 3526 518 3590 376.
542 3525 653 3590 Nutrix
676 3544 739 3590 444
762 3525 848 3590 illam
870 3524 1010 3591 nascenti
1032 3526 1101 3592 luce
1124 3526 1263 3593 revisens

273 3673 410 3734 attamen
424 3668 511 3733 illam
526 3668 676 3734 rationem
693 3667 782 3750 sequi
798 3667 914 3751 maluit,
938 3686 1002 3749 qua
1021 3666 1215 3735 hemistichia
1235 3668 1346 3735 melius

271 3785 350 3849 inter
372 3803 441 3850 sese
465 3787 694 3850 connectuntur.
728 3802 802 3848 nam
825 3781 886 3849 hac
909 3802 1032 3864 quoque
1055 3783 1087 3848 in
1109 3783 1210 3865 figura
1233 3790 1346 3849 utrum·

271 3918 341 3983 que,
366 3897 449 3980 quod
471 3900 679 3983 cognovimus,
704 3898 838 3966 studium
862 3898 951 3964 alteri
974 3899 1149 3981 oppositum
1174 3905 1230 3966 est.
1266 3900 1346 3964 alius

271 4020 375 4083 autem
398 4014 473 4082 ordo
498 4016 679 4083 artificiosus
702 4015 765 4082 hac
786 4015 905 4081 ratione
928 4012 1009 4080 effici
1030 4015 1131 4099 potuit
