3000 4500
667 187 889 250 *26-

245 375 358 444 deinde
382 378 466 461 quod
486 380 598 445 attinet
621 380 663 445 ad
686 381 822 462 reliquas
844 382 967 463 figuras,
991 381 1155 462 inquibus
1182 402 1313 447 caesura

242 501 313 575 post
334 494 465 559 alterum
487 515 550 560 non
572 501 643 577 post
663 496 795 578 primum
819 497 989 574 membrum
1011 497 1141 579 ponitur,
1163 497 1312 579 inpriore

243 630 358 690 genere
381 609 520 676 Catullus
543 611 675 677 scribere
697 612 809 694 potuit:

686 754 715 818 A
737 756 757 819 b
803 776 823 819 a
845 757 872 819 B

288 867 400 933 LXIV.
420 869 493 935 157.
518 870 663 936 Praemia
685 889 740 952 pro
765 751 847 936 dulci
862 872 922 954 ·qui
945 872 1050 937 reddis
1073 871 1149 937 talia
1171 873 1235 936 vita

686 1034 706 1078 a
728 1015 755 1077 B
800 1013 830 1079 A
852 1014 872 1078 b

287 1124 400 1193 LXIV.
420 1127 494 1193 157.
519 1128 610 1193 Talia
632 1148 688 1212 pro
710 1010 781 1195 vita¹
798 1129 850 1211 qui
873 1128 978 1194 reddis
1000 1130 1140 1212 praemia
1162 1129 1245 1195 dulci

685 1284 705 1328 a
727 1263 754 1326 Β
775 1261 779 1349 Ι
800 1263 820 1327 11
842 1263 872 1326 Α

287 1377 399 1443 LXIV.
418 1379 447 1443 9.
472 1377 545 1461 Ipsa
568 1379 630 1444 levi
653 1397 775 1443 currum
797 1378 976 1445 volitantem
998 1378 1124 1446 flamme
1147 1379 1220 1445 fecit

684 1513 714 1576 A
736 1513 763 1575 Β
784 1511 829 1599 10
851 1512 871 1577 b

287 1627 400 1694 LXIV.
420 1630 492 1693 157.
518 1630 662 1694 Praemia
684 1648 739 1711 pro
762 1629 827 1693 vita
850 1629 902 1709 qui
924 1628 1029 1695 reddis
1052 1629 1129 1694 talia
1151 1628 1234 1697 dulci

242 1769 275 1833 in
298 1770 394 1836 altero
416 1769 495 1836 haec
519 1771 615 1836 series
638 1771 738 1839 minus
761 1776 836 1854 apta
858 1776 905 1837 est
928 1770 1008 1835 risa:

685 1903 714 1968 A
760 1925 780 1969 a
802 1925 823 1970 a
845 1904 871 1967 B

287 2017 399 2083 LXIV.
417 2019 469 2083 42.
494 2019 615 2102 Rubigo
638 1901 766 2085 infertis
788 2019 918 2085 desertis
940 2018 1084 2101 squalida
1105 2019 1216 2085 aratris

686 2150 730 2239 al
751 2154 777 2217 Β
801 2152 820 2217 b
842 2153 872 2217 A
1145 2235 1147 2239 y

288 2270 405 2335 KXIV.
423 2271 496 2336 210.
521 2272 697 2338 Nocturnae
720 2277 847 2354 portans
870 2271 1002 2352 vestigia
1025 2269 1129 2337 dulcia
1151 2271 1237 2336 rinae

243 2419 369 2495 propter
397 2413 523 2479 nimiam
551 2413 685 2495 denique
709 2420 853 2495 quattuor·
874 2413 1081 2478 membrorum
1104 2413 1313 2479 coacervatio-

243 2549 315 2593 nem
338 2529 477 2595 Catullus
499 2529 580 2594 hanc
603 2529 838 2595 collocationem
860 2529 1048 2613 repudiavit:

287 2672 400 2737 LXIV.
418 2673 492 2738 210.
517 2673 648 2738 Portans
670 2678 840 2738 nocturnae
862 2673 995 2754 vestigia
1018 2670 1121 2735 dulcia
1144 2671 1230 2738 rixae

244 2819 275 2881 ct
305 2815 385 2881 haec
416 2815 542 2897 quidem
574 2814 708 2881 dicenda
740 2835 810 2880 esse
838 2814 1014 2880 existimavi
1041 2814 1080 2880 de
1108 2814 1168 2879 illis
1196 2815 1313 2896 figmae

243 2931 361 3013 primae
383 2930 557 3013 generibus,
580 2931 746 3013 inquibus
768 2936 838 3014 post
860 2929 992 2995 alterum
1015 2929 1185 2994 membrum
1207 2949 1314 2995 caesu-

243 3066 297 3111 rae
320 3046 405 3111 locus
428 3051 484 3112 est.
519 3045 580 3111 hac
595 3046 797 3111 collocatione
814 3045 953 3111 Catullus
973 3045 1005 3108 in
1020 3045 1167 3110 vicesimo
1183 3045 1314 3129 septimo

244 3182 366 3245 quoque
399 3162 550 3229 versiculo
585 3181 659 3227 usus
693 3169 753 3244 est,
788 3182 882 3243 quum
914 3160 1007 3245 hujus
1038 3180 1160 3242 quoque
1191 3162 1314 3243 generis

244 3278 387 3361 exempla
414 3278 529 3361 pariter
556 3282 650 3359 atque
679 3277 844 3359 superloris
871 3276 967 3340 multo
995 3277 1113 3342 rariora
1141 3276 1202 3341 sint
1229 3280 1260 3341 et
1281 3276 1314 3341 ln

242 3393 367 3459 naeres
390 3430 433 3439 -
455 3393 507 3458 ru.
532 3393 556 3456 1.
584 3394 657 3457 144.
684 3393 758 3457 uo.
786 3393 871 3456 1003
893 3428 938 3437 -
961 3397 992 3456 et
1020 3391 1192 3473 uuergru
1219 3391 1314 3456 versi-

74 3485 134 3602 fif:
243 3510 301 3575 uus
328 3545 372 3555 -
400 3509 514 3591 surg.
544 3508 595 3573 m.
621 3508 645 3572 1.
676 3511 705 3573 s.
737 3510 788 3573 00.
823 3509 895 3572 103.
929 3510 1001 3572 100.
1032 3510 1108 3573 000.
1138 3509 1212 3572 000.
1238 3508 1312 3573 001.

36 3629 49 3710 j
245 3628 319 3691 000.
344 3627 419 3691 aas.
445 3627 519 3691 301.
545 3626 619 3689 300.
645 3626 720 3689 400.
745 3626 821 3689 400.
845 3625 920 3688 rou
946 3625 1020 3690 000.
1046 3625 1122 3687 sos.

38 3715 90 3814 ‚²²⁸
328 3740 397 3826 jam
429 3739 471 3805 ad
498 3740 621 3805 tertium
654 3759 754 3821 genus
783 3745 989 3819 transcamus,
1021 3739 1053 3802 in
1089 3757 1150 3819 quo
1184 3756 1315 3834 caesura

16 3837 138 3942 &j
243 3857 365 3939 ponitur
398 3860 468 3937 post
499 3856 582 3937 prius
614 3854 848 3920 substantivum.
903 3852 987 3934 quod
1021 3852 1161 3918 celeriter
1195 3852 1315 3917 absolvi

9 3937 159 4056 s.
243 3975 354 4054 potest.
389 3990 463 4035 nam
486 3970 555 4036 luoe
578 3970 690 4035 clarius
713 3977 761 4037 est
782 3971 878 4035 talem
900 3967 1031 4034 formam
1054 3968 1129 4034 satis
1150 3965 1315 4051 apulohri·
