3000 4500
173 491 352 572 quaestione
381 498 485 557 nostra
511 491 708 558 tribuendum
736 493 788 576 sit,
819 500 1009 576 quantopere
1036 492 1097 558 hac
1124 494 1243 558 ratione

173 611 316 686 quattuor
342 607 510 689 figurarum
537 607 729 689 singularum
756 609 921 674 verborum
947 609 1043 673 series
1071 609 1175 690 aliqua
1203 628 1244 672 ex

172 726 261 802 parte
288 719 466 787 destinetur.
512 743 575 788 non
603 723 691 787 aliter
717 743 784 788 rem
816 743 884 789 sese
907 721 1023 789 habere
1046 723 1244 789 manifestum

173 840 220 900 est
241 836 273 900 in
296 837 393 901 altero
416 837 560 902 versiculi
576 837 749 903 hexametri
765 838 896 922 elegiaci
912 837 1114 903 hemistichia
1150 857 1244 920 qnam

171 949 234 1015 late
257 955 365 1033 pateat
389 951 423 1015 in
444 958 606 1034 poetarum
633 952 798 1018 latinorum
826 953 969 1035 operibus
995 952 1070 1036 hoc,
1101 952 1184 1034 quod
1212 953 1244 1017 in

172 1072 325 1130 certarum
354 1086 500 1132 versuum
532 1067 653 1132 sedium
687 1072 799 1133 natum
828 1068 921 1133 situm
952 1073 1013 1150 est,
1054 1074 1244 1133 momentum

171 1185 259 1262 patet
278 1201 318 1246 ex
339 1182 394 1262 eis,
417 1202 498 1264 quae
520 1181 559 1247 de
574 1188 640 1247 tota
659 1181 719 1247 hac
735 1184 915 1266 quaestione
930 1182 1082 1248 Antonius
1097 1182 1242 1264 Zingerle

172 1293 341 1378 disputavit
366 1296 399 1361 in
427 1297 633 1379 compluribus
660 1297 773 1363 libellis
795 1296 892 1384 (Ouid
915 1296 980 1362 und
1001 1297 1069 1363 sein
1091 1297 1244 1362 verhaelt-

172 1411 236 1476 niss
269 1432 307 1475 zu
342 1410 403 1477 den
434 1432 649 1496 vorgaengern
683 1412 748 1501 und
781 1412 1017 1496 gleichzeitigen
1050 1412 1244 1478 roemischen

172 1524 322 1592 dichtern.
350 1529 579 1593 1869-1871.
615 1548 652 1592 au
676 1527 738 1593 den
760 1532 926 1610 spaeteren
941 1526 1144 1593 lateinischen
1159 1527 1244 1592 dich-

172 1646 250 1707 tern.
284 1639 395 1728 1872.)
428 1642 532 1725 itaque
566 1649 600 1706 ut
634 1642 675 1708 ad
710 1642 866 1708 Catullum
900 1642 1078 1726 redeamus,
1118 1644 1244 1708 minime

172 1757 362 1849 omittamus,
397 1764 545 1840 quantum
573 1759 606 1823 in
633 1759 799 1842 exemplis,
834 1778 914 1841 quae
947 1758 1028 1823 infra
1055 1758 1243 1841 colligemus,

172 1878 340 1938 metrorum
374 1879 531 1938 momento
559 1872 755 1938 tribuendum
783 1875 831 1938 sit.
878 1879 1016 1938 attamen
1049 1893 1111 1936 non
1145 1874 1245 1937 solum

172 1987 251 2053 haec
279 1988 382 2070 metri,
417 1993 452 2053 ut
479 1989 523 2052 ita
550 1986 666 2071 dicam,
701 1993 839 2071 potestas
868 1986 1064 2070 respicienda
1094 1994 1154 2070 est,
1189 1986 1246 2053 sed

172 2103 295 2169 aceedit
318 2080 411 2169 etiam
434 2103 569 2168 smdium
592 2103 718 2186 aliquod
740 2110 912 2187 poetarum
936 2102 1019 2186 quod
1040 2104 1072 2168 in
1087 2104 1245 2186 permultis

172 2220 323 2302 exempHs
347 2218 534 2285 demonstari
556 2220 677 2303 poterit.
724 2219 807 2302 quod
829 2217 965 2285 studium
991 2218 1127 2302 exempli
1149 2238 1245 2284 causa

169 2335 203 2399 in
226 2334 405 2400 hexametro
430 2334 584 2419 dactylico
607 2340 639 2401 et
661 2334 704 2400 ad
726 2336 863 2417 quintum
888 2341 919 2399 et
934 2335 976 2398 ad
991 2335 1125 2417 rehquos
1146 2333 1245 2416 pedes

169 2451 312 2533 pertinet.
359 2449 433 2532 quid
462 2450 538 2514 mihi
566 2449 660 2515 velim
694 2449 845 2531 exemplis
878 2450 1033 2514 nonnullis
1067 2448 1246 2514 adcuratius

171 2565 335 2631 ostendere
363 2565 465 2629 liceat.
511 2586 585 2629 nam
619 2565 645 2629 si
679 2563 790 2630 eodem
825 2564 857 2628 in
884 2565 1036 2629 versiculo
1071 2565 1244 2647 complures

170 2681 334 2746 verborum
361 2679 479 2745 formae
508 2679 550 2744 ad
579 2679 737 2763 dactylum
760 2677 957 2743 formandum
983 2678 1099 2745 idonea
1126 2684 1242 2761 extant,

169 2802 264 2879 poeta
294 2802 347 2860 aut
373 2795 434 2860 hac
462 2801 516 2860 aut
542 2795 597 2860 illa
622 2796 655 2860 in
677 2793 759 2877 pede
788 2794 893 2877 quinto
916 2796 961 2859 uti
983 2795 1083 2877 potuit
1104 2794 1189 2861 velut
1211 2794 1244 2858 in

170 2911 220 2976 his
243 2911 363 2975 duobus
386 2911 558 2976 versiculis:

278 3053 378 3109 LXIV.
392 3056 452 3109 321.
478 3054 556 3109 Talia
575 3054 671 3108 divino
690 3052 823 3108 fuderunt
841 3054 962 3109 carmine
981 3052 1039 3109 fata

278 3143 378 3199 LXIV.
392 3145 415 3197 7.
443 3144 559 3198 Caerula
578 3148 721 3198 verrentes
740 3144 869 3209 abiegnis
889 3159 1011 3212 aequora
1028 3143 1127 3211 palmis

103 3239 113 3256 ⁶
170 3279 274 3324 nonne
305 3258 414 3340 quaeri
444 3263 475 3322 et
504 3262 606 3340 potest
636 3263 668 3322 et
697 3256 804 3339 debet,
835 3277 897 3340 qna
924 3277 958 3323 re
985 3258 1101 3323 factum
1127 3258 1178 3341 sit,
1212 3264 1245 3322 ut

170 3381 265 3457 poeta
287 3373 417 3455 formas,
442 3378 617 3454 quaesunt
642 3372 807 3456 „carmina
831 3371 985 3455 aequora“
1011 3372 1044 3437 in
1066 3372 1127 3438 fine
1151 3373 1244 3439 versi-

171 3491 233 3555 culi
255 3510 371 3572 ponere
394 3489 509 3571 mallet,
533 3509 625 3571 quarn
649 3487 808 3572 adjectiva
833 3489 936 3571 „talia
961 3488 1132 3555 caerula“?
1162 3488 1246 3571 quod

171 3605 199 3671 si
220 3605 353 3686 fecisset,
377 3605 408 3669 in
428 3605 529 3686 priore
545 3603 696 3669 versiculo
719 3602 879 3672 habuisset
901 3604 1134 3672 collocationem
1156 3610 1245 3668 natu-

171 3721 279 3803 ralem,
291 3721 324 3785 in
336 3721 433 3786 altero
449 3721 542 3784 aliam
554 3720 686 3803 figuram
700 3719 897 3785 artificiosam
908 3718 1108 3784 adhibuisset.
1132 3718 1244 3785 deinde

170 3842 206 3900 ut
227 3835 320 3920 hujus
342 3836 387 3901 rei
410 3840 613 3916 momentum,
642 3832 725 3916 quod
752 3832 796 3897 ad
823 3834 956 3916 rehquos
981 3833 1080 3916 pedes
1102 3828 1244 3916 pertinet,

171 3949 294 4035 longius
317 3969 547 4033 persequamur,
570 3948 622 4031 qui
644 3948 761 4013 sactum
783 3953 832 4013 est
852 3953 887 4012 ut
908 3948 940 4011 in
962 3948 1114 4014 versiculo
1137 3947 1213 4012 hoc:

280 4083 408 4141 LXVIII.
423 4086 483 4141 151.
508 4084 550 4140 Ne
569 4088 692 4140 vestrum
711 4082 811 4139 scabra
828 4087 927 4153 tangat
945 4083 1080 4153 rubigene
1099 4097 1199 4140 nomen
