3000 4500
696 217 920 281 ,48-

274 416 305 477 et
331 410 465 493 primum
494 408 618 493 quidem
644 409 813 477 dicendum
841 416 889 476 est
917 410 957 477 de
986 410 1032 476 eis
1053 410 1207 493 versibus,
1235 410 1350 493 quibus

272 526 472 592 manifestum
494 525 529 589 fit
552 526 768 593 collocationes
791 526 973 592 artificiosas
996 545 1057 590 non
1076 526 1142 590 siue
1157 524 1259 591 studio
1275 546 1347 593 con-

273 643 402 724 silioque
433 647 577 725 captatae
607 662 687 708 esse.
734 643 832 726 potuit
863 642 945 707 enim
972 640 1117 706 Catullus
1149 641 1194 707 sic
1224 661 1348 726 quoque

273 758 421 824 seribere:

317 873 415 937 LXV.
436 875 487 938 12.
511 872 643 955 Semper
664 879 786 938 maesta
809 858 921 938 canam
944 875 1082 938 carmina
1104 878 1202 938 morte
1225 878 1279 937 tna

318 989 462 1054 LXVIII.
489 991 541 1053 70.
566 987 634 1064 Quo
656 987 739 1071 pede
762 1009 796 1053 se
819 989 904 1053 molli
927 987 1062 1054 candida
1084 987 1158 1053 diva
1180 1009 1252 1053 mea

274 1112 408 1195 reliquas
436 1119 541 1178 autem
569 1112 787 1178 collocationes
814 1119 937 1179 nostrae
961 1112 1080 1195 figurae
1107 1113 1251 1196 postponi
1272 1111 1347 1178 inde

273 1227 404 1311 adparet
432 1228 516 1311 quod
543 1228 599 1293 hos
628 1248 749 1311 quoque
778 1227 901 1294 ordines
930 1226 1069 1293 Catullus
1097 1227 1219 1294 efficere
1247 1229 1349 1310 potuit

272 1341 392 1427 iisdem,
415 1341 526 1427 quihus
549 1364 623 1409 usus
646 1349 702 1427 est
725 1344 867 1409 vocibus:

717 1460 747 1525 A
769 1461 789 1525 b
810 1458 814 1545 Ι
835 1482 855 1525 ε
878 1462 904 1525 B

317 1576 429 1642 LXVI.
446 1577 500 1642 58.
524 1576 632 1642 Incola
654 1577 819 1659 Canopieis
842 1577 939 1642 Graia
961 1577 1099 1642 litoribus

317 1693 460 1758 LXVIII.
481 1695 553 1758 136.
578 1693 676 1757 Furta
698 1690 895 1758 verecundae
918 1712 990 1757 rara
1012 1692 1147 1757 feremus
1169 1690 1263 1756 herae

715 1808 744 1872 A
767 1808 794 1872 B
814 1805 819 1895 1
840 1809 902 1873 ab

317 1923 429 1990 LXVI.
447 1926 504 1998 58,
529 1924 632 1988 lncola
654 1900 793 1987 litoribus
816 1923 913 1990 Graia
935 1922 1100 2006 Canopieis

317 2039 449 2102 LXXX.
467 2041 497 2104 6.
522 2038 624 2103 Teuta
647 2059 757 2104 vorare
780 2038 838 2103 uiri
860 2037 994 2120 grandia
1017 2042 1047 2103 te
1069 2037 1164 2103 medii

272 2155 404 2220 alterum
435 2153 494 2219 hoc
523 2172 624 2237 genus
652 2152 695 2218 ad
722 2153 917 2219 hemistichia
948 2152 1119 2235 aequaliter
1148 2152 1346 2218 terminanda

272 2270 468 2337 commodum
491 2290 560 2336 esse
583 2269 750 2353 neglegere
773 2288 946 2351 possumus.
991 2277 1127 2336 ceterum
1150 2270 1182 2333 in
1204 2269 1346 2335 versibus

272 2386 427 2470 elegiacis,
452 2385 492 2452 de
515 2386 625 2467 quibus
647 2405 729 2449 nunc
752 2384 934 2468 disputatur,
958 2406 1021 2450 non
1042 2391 1076 2449 ut
1090 2386 1122 2448 in
1136 2384 1345 2467 superioribus

273 2501 434 2567 versiculis
457 2499 645 2566 hexametris
669 2499 829 2585 dactylicis
849 2506 993 2584 quattuor
1007 2501 1124 2583 figurae
1138 2500 1345 2565 membrorum

271 2617 510 2683 cumulationem
532 2616 623 2690 vitari
644 2615 718 2681 inde
741 2616 891 2700 sequitur,
922 2615 1004 2698 quod
1031 2616 1076 2680 sic
1103 2635 1224 2699 quoque
1247 2616 1343 2680 verba

272 2734 416 2798 collocari
438 2738 595 2816 poterant:

316 2849 413 2914 LXV.
433 2851 484 2914 12.
508 2849 630 2914 Maesta
651 2855 706 2913 tua
729 2868 853 2932 semper
876 2847 1014 2912 carmina
1035 2854 1132 2914 morte
1156 2868 1267 2914 canam

416 3013 432 3049 ‚‚
474 2967 527 3030 24.
552 2965 633 3030 Huic
656 2965 734 3030 tristi
757 2969 864 3029 manat
887 2964 1027 3029 conscius
1050 2984 1103 3029 ore
1126 2964 1218 3029 rubor

271 3088 302 3149 et
313 3080 393 3149 haec
405 3079 530 3164 quidem
542 3080 582 3145 de
594 3079 701 3145 ordine
712 3080 863 3163 parallelo
876 3078 1009 3145 dicenda
1021 3084 1118 3145 erant.
1131 3075 1286 3164 jamvero
1301 3080 1343 3145 ad

593 3248 621 3319 h.
652 3247 797 3317 ordinem
823 3246 1027 3318 contrarium

270 3369 401 3436 transire
423 3386 596 3451 possumus.
643 3386 704 3448 quo
726 3366 758 3429 iu
781 3365 874 3432 modo

272 3565 302 3629 1.
326 3582 485 3630 caesura
506 3566 593 3643 post
615 3560 720 3644 prius
743 3562 968 3629 attributum
989 3560 1342 3646 sedemoocupante

713 3684 903 3773 cleB
1044 3671 1223 3802 (41κὲἶῦ

269 3812 349 3879 haec
371 3811 516 3895 exempla
538 3809 710 3878 adferenda
733 3818 816 3878 sunt:

377 3936 463 3993 LXII.
473 3939 499 3991 6.
513 3937 662 4005 Postquam
675 3952 707 3991 es
719 3938 844 4007 proiecto
857 3936 930 3994 facta
942 3939 1039 3993 marita
1050 3953 1124 3994 sene.
1137 3939 1267 3995 IIXVIII.
1280 3939 1339 3995 140.

429 4026 614 4082 LXXXXIX.
634 4028 677 4081 10.

1476 3893 1478 3950 I
