3000 4500
694 286 917 351 *34*

270 483 384 549 ducere
414 483 522 566 velim,
554 488 588 547 ut
619 481 700 547 hanc
729 481 940 564 quaestionem
964 480 1033 564 jem
1061 481 1186 545 missam
1214 481 1338 546 faciam.

269 599 338 664 luce
354 598 437 664 onim
452 598 565 663 clarius
581 603 636 680 est,
659 604 793 679 quantus
816 597 856 661 sit
877 616 1023 663 numerus
1045 596 1164 661 illorum
1188 596 1339 679 ordinum,

269 715 321 797 qui
343 715 377 779 in
398 714 553 780 nonnullis
568 713 727 779 versiculis
747 712 828 778 effici
843 718 979 795 possunt.
1010 711 1080 797 jem
1095 718 1189 777 antee
1205 711 1339 783 diximus

268 831 301 895 in
323 831 475 897 versiculo
497 829 569 894 hoc:

311 973 456 1039 LXVIH.
475 973 549 1038 151.
573 973 621 1038 Ne
638 977 775 1039 vestrum
798 971 909 1036 scabro
930 976 1041 1054 tangat
1063 970 1202 1053 rubigine
1225 990 1339 1036 nomen

267 1122 301 1181 ut
323 1115 363 1181 de
386 1136 448 1180 uno
470 1119 590 1179 tantum
618 1115 837 1197 aptissimoquc
865 1114 1008 1197 exemplo
1037 1114 1212 1196 loquamur,
1241 1113 1337 1179 verbe

267 1251 349 1313 quae
372 1236 443 1296 sunt
464 1236 622 1313 „vestrum
644 1230 755 1295 scabra
778 1234 887 1312 tangat
909 1229 1041 1294 nomen“
1069 1230 1238 1313 permutari
1268 1248 1337 1311 pos-

265 1353 351 1430 sunt,
385 1348 429 1413 ite
460 1353 493 1411 ut
520 1347 629 1430 viginti
657 1352 802 1429 quattuor
829 1345 1047 1410 collocationes
1075 1344 1214 1410 diversas
1243 1350 1337 1427 poete

266 1470 393 1547 captare
416 1463 557 1546 potuerit.
602 1469 633 1528 et
655 1461 734 1527 haec
758 1460 882 1543 quidem
906 1460 946 1527 de
969 1460 1158 1543 henigne,
1187 1460 1270 1543 quod
1293 1459 1336 1524 ad

265 1578 419 1643 Catullum
435 1579 577 1661 pertinet,
591 1576 751 1642 hactenus.
780 1576 940 1642 Lucretius
955 1582 1062 1641 contra
1077 1582 1170 1658 atque
1181 1576 1337 1660 Vergilius

264 1694 325 1759 hac
348 1694 548 1759 collocatione
571 1693 667 1758 multo
690 1692 789 1757 rarius
811 1692 859 1757 usi
881 1712 950 1758 esse
973 1691 1124 1758 videntur.
1159 1711 1233 1757 nam
1256 1690 1337 1757 hoec

265 1829 367 1892 pauca
397 1815 514 1874 tantum
548 1808 692 1891 exempla
722 1808 819 1873 affere
851 1827 976 1890 possum
1002 1845 1046 1853 —
1070 1807 1110 1873 de
1138 1826 1240 1873 rernm
1268 1813 1334 1872 nat.

263 1925 315 1990 lib.
345 1926 369 1989 Ι.
401 1926 474 1991 176.
505 1925 579 1990 256.
609 1922 684 1990 446.
715 1925 781 1989 920
812 1960 856 1968 -
885 1923 1030 2004 Georgic.
1060 1922 1112 1987 lib.
1141 1923 1166 1987 Ι.
1199 1925 1249 1988 10.
1281 1925 1333 1987 70.

266 2041 339 2105 107.
364 2041 439 2105 510.
463 2077 507 2086 -

352 2156 455 2238 itaque
479 2174 529 2219 res
547 2153 616 2239 jam
640 2174 678 2220 eo
700 2153 852 2237 perducta
874 2160 929 2236 est,
953 2160 986 2218 ut
1009 2153 1051 2218 ad
1065 2155 1186 2220 tertiam
1201 2155 1332 2237 liguram

263 2273 432 2355 veniamus,
455 2291 536 2354 quae
559 2271 653 2336 oritur

315 2488 345 2551 3.
375 2505 535 2552 caesura
557 2492 641 2569 post
664 2486 824 2552 alterum
847 2486 1123 2553 substantivum
1147 2487 1281 2570 posita.

697 2654 717 2693 o
739 2631 756 2695 b
779 2631 811 2694 B
831 2628 835 2716 Ι
856 2632 897 2694 Α.

352 2793 407 2839 eas
421 2793 496 2839 vero
514 2773 638 2856 figuras,
661 2774 693 2837 in
716 2772 826 2855 quibus
849 2792 979 2839 caesura
1000 2780 1071 2856 post
1091 2774 1213 2841 tertium
1237 2794 1331 2840 mem-

261 2885 348 2951 brum
372 2885 503 2970 ponitur,
528 2887 680 2952 Catullum
704 2888 821 2954 vitasse
840 2887 907 2972 jam
931 2889 1072 2954 vidimus.
1108 2890 1212 2972 itaque
1234 2911 1330 2956 unum

260 3008 379 3067 tantum
400 3039 444 3049 -
464 3002 581 3068 nullum
600 3002 651 3069 hic
666 3023 788 3087 quoque
805 3025 844 3070 ex
859 3005 982 3070 Lucreti
993 3005 1171 3088 Vergilique
1186 3006 1271 3072 libris
1285 3043 1330 3054 -

261 3119 435 3202 exemplum
458 3119 563 3185 afferri
585 3123 700 3202 potest:
1319 3135 1321 3138 ’

367 3263 438 3318 clx.
456 3265 481 3319 1.
502 3263 659 3318 Jocundum
678 3279 741 3319 mea
758 3264 816 3320 vito
833 3265 898 3320 mihi
915 3266 1048 3335 proponis
1067 3284 1186 3324 amorem

259 3374 315 3443 sed
345 3376 404 3443 hnc
432 3396 555 3461 quoque
583 3379 615 3443 in
638 3378 790 3444 versiculo
817 3399 880 3444 non
902 3378 1022 3464 dubito,
1054 3384 1127 3465 quin
1150 3382 1254 3449 durior
1276 3404 1329 3449 vn-

259 3490 436 3559 cabulornm
463 3494 623 3559 collocatio
650 3494 681 3558 in
703 3495 805 3577 priore
827 3493 1018 3562 hemistichio
1041 3498 1165 3564 tollatur
1186 3499 1329 3565 auxiliari

257 3608 415 3674 incisione.
451 3607 584 3675 eandem
606 3609 737 3692 figuram
760 3629 875 3693 magno
898 3632 991 3695 opere
1012 3613 1140 3679 vitatam
1164 3634 1232 3681 esse
1255 3615 1328 3682 inde

258 3742 381 3805 quoque
404 3723 543 3807 intellegi
565 3730 674 3808 potest,
698 3724 782 3807 quod
800 3724 880 3792 haec
895 3728 992 3795 series
1006 3729 1107 3796 minus
1121 3730 1252 3813 probata
1267 3737 1326 3798 est:

301 3865 413 3934 LXIV.
431 3868 484 3933 54.
507 3867 679 3936 Indomitos
700 3865 839 3935 Ariadne
861 3889 974 3952 gerens
995 3871 1028 3938 in
1051 3873 1143 3940 corde
1166 3874 1285 3941 furores
