3000 4500
623 275 822 339 „5-

187 471 249 536 duo
272 490 390 553 genera
412 468 631 552 distinguenda
653 476 733 535 sunt.
781 470 911 536 alterum
942 470 1025 537 enim
1047 470 1177 553 praebet
1198 470 1257 536 has

187 591 330 669 quattuor
351 585 474 666 figuras,
498 590 532 649 ut
553 585 598 649 ita
620 583 733 667 disum,
756 585 927 649 naturales:

136 686 138 690 ’
585 699 827 764 1.AaBu

584 816 614 879 2.
653 814 827 879 AabB.

583 931 613 993 3.
654 929 827 993 aABb.

582 1045 614 1108 4.
653 1043 827 1108 aAbB.

96 1164 104 1175 '
186 1158 226 1225 de
254 1159 363 1242 quihus
391 1179 493 1241 pausa
520 1165 641 1224 tantum
669 1158 803 1225 dicenda
831 1165 947 1242 essent,
982 1161 1041 1224 nisi
1075 1160 1256 1243 saepissime

185 1295 248 1340 non
270 1274 336 1339 sine
359 1274 461 1339 studio
484 1275 671 1357 consilioque
694 1275 872 1340 vitarentur.
916 1275 1020 1356 itaque
1047 1275 1136 1341 nobis
1162 1295 1256 1358 quae-

185 1389 317 1455 rendum
339 1395 387 1455 est
409 1389 483 1472 quid
503 1391 583 1456 inter
596 1390 735 1474 singulas
750 1389 808 1455 has
823 1389 939 1472 figuras
954 1391 1111 1456 naturales
1126 1391 1255 1456 intersit.

186 1526 206 1569 a
229 1504 338 1587 quibus
359 1507 515 1588 progressi
539 1512 632 1588 atque
655 1526 817 1570 numerum
839 1525 985 1570 versuum
1007 1510 1039 1571 et
1060 1504 1195 1588 illorum,
1223 1507 1257 1570 in

186 1620 296 1703 quibus
316 1621 527 1704 inveniuntur,
553 1627 726 1705 eteorum,
749 1620 927 1703 inquibus,
950 1621 1093 1702 quamvis
1116 1620 1256 1688 adhiberi

185 1736 350 1818 potuerint,
373 1735 555 1817 repudiatae
579 1743 657 1819 sunt,
680 1736 881 1819 respicientes
899 1736 1079 1819 intellegere
1094 1755 1256 1819 possumus

186 1870 279 1932 quam
307 1851 371 1915 late
398 1857 506 1933 pateat
539 1851 674 1916 studium
706 1851 797 1934 illud,
832 1869 964 1934 quocum
996 1850 1126 1916 alterum
1156 1871 1257 1935 genus

186 1971 335 2047 captetur.
372 1965 461 2049 eujus
484 1970 552 2031 osto
575 1967 693 2049 figurae
717 1965 901 2031 artificiosae
924 1966 995 2030 oriri
1012 1947 1150 2048 possunt.
1185 1973 1256 2032 sunt

185 2100 259 2146 vero
283 2080 356 2145 hae:

581 2198 612 2263 5.
652 2197 729 2264 AB
753 2197 826 2262 ab.

582 2317 613 2379 6.
651 2313 729 2378 AB
752 2314 773 2377 b
796 2335 826 2379 a.

583 2431 612 2492 7.
651 2428 826 2493 AbaB.

582 2547 612 2609 8.
651 2542 826 2607 AbBa.
923 2538 926 2544 ’

583 2662 613 2723 9.
653 2679 674 2721 a
694 2658 721 2722 B
744 2657 775 2721 A
797 2658 826 2722 b.

562 2776 613 2839 10.
651 2771 826 2838 aBbA.

561 2887 827 2953 rnabssa

563 3005 614 3069 12.
653 3004 715 3067 ab
739 3003 827 3067 ΑΒ.

185 3119 243 3185 has
258 3125 327 3185 ooto
342 3120 458 3201 figuras
468 3118 810 3215 videbimusllatullum
825 3138 888 3184 non
902 3119 971 3201 pari
986 3117 1087 3182 studio
1103 3122 1255 3199 captasse,

186 3234 243 3299 sed
270 3234 330 3299 hae
360 3235 473 3316 rarius,
507 3235 561 3299 illa
593 3234 718 3316 saepius
746 3253 836 3298 usum
864 3253 943 3299 esse.
989 3232 1109 3315 quain
1135 3251 1168 3296 re
1198 3230 1256 3296 etsi

186 3357 219 3414 ut
240 3350 322 3415 inira
344 3349 635 3431 demonstrabimus,
663 3349 767 3414 multis
793 3349 947 3432 variisque
970 3348 1062 3413 rebus
1085 3345 1169 3411 haud
1192 3346 1256 3411 exi-

186 3485 282 3548 guum
305 3471 493 3530 momentum
513 3464 710 3530 tribuendum
732 3470 789 3546 est,
812 3464 1023 3528 nihilominus
1038 3462 1256 3543 eleotioquae·

187 3580 260 3645 dam
275 3588 322 3646 est
337 3580 512 3663 statuenda,
528 3600 621 3661 quam
638 3579 780 3645 videmus
795 3585 919 3662 poetam
936 3598 1044 3642 norma
1060 3576 1256 3642 severissima

186 3695 326 3760 adhibita
353 3701 492 3762 seeutum
521 3715 599 3761 esse.
646 3714 739 3776 quam
761 3701 795 3758 ut
818 3694 1000 3759 electionem
1023 3710 1255 3774 eognosoamus²

186 3810 274 3875 nobis
295 3812 328 3874 in
351 3811 435 3876 omui
457 3809 640 3875 artificiosae
668 3809 800 3892 alioujus
829 3808 948 3891 figurae
975 3807 1117 3890 exemplo
1141 3806 1256 3872 exami-

185 3925 325 3990 nandum
348 3927 412 4009 erit.
435 3946 509 3992 num
533 3927 627 3991 aliam
650 3944 772 4007 quoque
793 3943 935 3989 normam
953 3923 1148 3989 artifieiosam
1163 3926 1257 4003 poeta

186 4041 274 4124 sequi
296 4042 429 4124 potuerit
449 4042 515 4109 sive
537 4040 648 4108 iisdem
670 4039 830 4107 venabulis
856 4039 922 4105 sive
948 4038 1051 4106 verbis
1073 4037 1179 4123 paullo
1201 4036 1256 4102 im·
