3000 4500
460 2954 498 3105 ’‘a—‘Uffflz

1423 171 1825 234 -4-

554 383 634 430 ex
677 362 797 428 illis
843 363 1173 446 exemplis,
1231 362 1450 446 quibus
1494 362 1891 430 manifestum
1936 364 2062 445 fiat,
2109 382 2381 444 quanam
2425 362 2694 427 vocabu-

551 478 751 544 lorum
809 476 1306 544 collocandorum
1370 483 1504 543 arte
1564 482 1751 560 poeta
1805 477 2181 544 Veronensis
2250 495 2399 541 usus
2465 477 2570 559 sit,
2640 477 2696 541 si

553 592 776 660 eodem
823 593 887 657 in
932 592 1234 658 versiculo
1281 592 1439 657 binis
1485 592 1911 675 substantivis,
1968 612 2128 674 quae
2181 591 2340 655 inter
2385 611 2522 656 sese
2568 611 2694 655 non

552 707 946 791 respondent,
993 708 1238 792 singula
1284 707 1577 773 attributa
1621 708 2093 793 conjunguntur.
2186 707 2297 771 tali
2341 707 2506 771 enim
2551 726 2692 772 con-

553 822 796 889 dicione
842 829 1127 906 quattuor
1171 823 1287 887 has
1330 823 1613 888 notiones
1666 823 2061 888 manifestum
2117 829 2211 888 est
2269 820 2452 888 sedes
2508 841 2691 904 posse

553 957 856 1021 occupare
917 938 1256 1003 rationibus
1317 937 1765 1002 diversissimis.
1859 958 1983 1019 qua
2049 938 2113 1001 in
2180 957 2247 1002 re
2316 956 2691 1019 quamquam

551 1058 771 1136 poetas
798 1052 1072 1117 maxima
1103 1052 1415 1135 elegantia
1456 1057 1520 1117 et
1548 1057 1872 1118 venustate
1919 1072 2063 1117 usos
2108 1073 2247 1118 esse
2284 1051 2420 1137 jam
2450 1050 2690 1134 pridem

552 1167 928 1233 intellectum
973 1172 1082 1249 est,
1131 1173 1341 1232 tamen
1386 1167 1583 1233 semel
1627 1173 1866 1231 tantum
1911 1173 1974 1233 et
2019 1168 2229 1250 aliqua
2274 1188 2353 1232 ex
2386 1172 2563 1248 parte
2610 1166 2689 1233 de

551 1281 669 1348 hoc
715 1281 1132 1349 collocationis
1176 1282 1506 1348 verborum
1549 1302 1782 1365 genere
1839 1282 2081 1364 longius
2128 1281 2507 1365 disputatum
2553 1301 2689 1346 esse

554 1396 738 1464 video
785 1418 826 1462 a
871 1396 1211 1462 Gualthero
1259 1395 1617 1463 Gebhardio
1632 1446 1650 1481 ,
1713 1396 1817 1479 qui
1871 1398 2110 1481 scripsit
2163 1397 2244 1462 de
2297 1416 2495 1463 nexus
2550 1396 2689 1460 arti-

551 1512 744 1577 ficiosi
789 1511 1310 1577 substantivorum
1346 1517 1408 1577 et
1438 1513 1866 1577 attributorum
1895 1514 1959 1578 in
1991 1513 2377 1597 hexametris
2397 1512 2691 1594 elegiacis

549 1626 803 1709 Tibulli,
873 1625 1177 1710 Properti,
1246 1625 1432 1692 Ovidi
1497 1646 1614 1692 usu
1682 1647 1757 1691 ac
1823 1629 2089 1711 ratione,
2168 1627 2518 1710 Regimonti
2582 1628 2682 1692 Pr.

548 1739 1030 1806 MDCCCLXX.
1080 1740 1246 1823 quod
1292 1761 1480 1823 quum
1536 1742 1625 1806 ita
1680 1761 1817 1807 sese
1864 1742 2120 1824 habeat,
2178 1743 2446 1824 reliquas
2503 1762 2688 1824 quae-

547 1857 796 1938 stioneS,
845 1874 1004 1938 quae
1051 1854 1136 1920 ad
1179 1861 1379 1921 artem
1423 1855 1486 1920 in
1519 1857 1896 1922 collocandis
1927 1856 2243 1923 vocabulis
2275 1856 2688 1922 Catullianam

546 1971 872 2055 pertinent,
913 1971 1069 2055 alfis,
1108 1972 1211 2053 qui
1244 1971 1323 2036 de
1355 1971 1476 2037 hac
1506 1993 1573 2038 re
1604 1972 1720 2037 sibi
1749 1971 2178 2055 inquirendum
2212 1992 2348 2038 esse
2381 1973 2687 2038 existima-

546 2088 716 2170 bunt,
748 2085 1170 2169 permittentes
1194 2085 1356 2151 hanc
1380 2106 1571 2151 unam
1599 2087 1809 2169 paullo
1842 2085 2195 2151 adcuratius
2225 2107 2685 2170 persequamur,

547 2207 614 2268 ut
668 2200 1050 2285 disputemus
1105 2201 1185 2269 de
1242 2201 1332 2269 eis
1388 2202 1695 2284 versibus,
1765 2202 1868 2285 qui
1923 2203 2004 2296 in.
2033 2202 2261 2268 Catulli
2318 2202 2687 2268 carminibus

546 2318 849 2401 praebent
893 2318 1041 2383 bina
1085 2318 1470 2384 substantiva
1516 2337 1657 2383 cum
1701 2318 1959 2402 singulis
1999 2318 2301 2383 attributis
2333 2318 2682 2403 conjuncta.

727 2431 867 2510 Qua
920 2433 985 2497 in
1030 2453 1096 2499 re
1140 2434 1405 2516 primum
1452 2433 1703 2515 quidem
1746 2454 1870 2499 non
1915 2433 2526 2516 praetermittendum
2573 2439 2683 2516 est,

550 2547 728 2634 cujus
782 2547 950 2613 modi
1006 2548 1128 2613 sint
1183 2548 1497 2631 versiculi,
1564 2549 1783 2631 quibus
1839 2568 1985 2613 usus
2040 2554 2325 2630 quattuor
2380 2548 2683 2614 vocabula

547 2663 682 2746 illa,
752 2682 940 2745 quam
1002 2662 1294 2748 diximuS,
1363 2662 1725 2728 condicione
1793 2669 1980 2745 poeta
2046 2668 2255 2728 noster
2322 2669 2686 2729 connectere

548 2778 837 2860 voluerit,
900 2776 1014 2842 sed
1069 2777 1509 2860 distinguenda
1564 2798 1703 2844 esse
1760 2797 1984 2843 censeo
2039 2784 2374 2843 metrorum
2428 2799 2682 2862 genera.

547 2914 749 2977 neque
797 2892 876 2959 de
923 2893 1204 2959 omnibus
1240 2893 1448 2960 metris
1479 2892 1837 2958 adcuratius
1867 2893 2203 2977 loquemur,
2251 2893 2364 2959 sed
2411 2893 2687 2959 dicemus

548 3007 629 3074 de
686 3007 965 3073 versibus
1027 3012 1269 3073 tantum
1324 3008 1699 3074 hexametris
1756 3013 1820 3094 et
1876 3008 2200 3091 dactylicis
2256 3014 2318 3073 et
2372 3009 2685 3092 elegiacis.

549 3115 750 3207 quod‘
770 3122 855 3189 ad
910 3123 1177 3206 reliquos
1232 3124 1474 3207 attinet,
1542 3124 1857 3206 exempla,
1932 3143 2092 3205 quae
2157 3124 2222 3187 in
2281 3123 2400 3188 illis
2456 3129 2687 3207 extant,

550 3238 827 3328 attulisse
858 3239 1007 3303 satis
1039 3237 1208 3303 duxi.
1278 3239 1639 3321 priusquam
1684 3243 1893 3304 autem
1936 3258 2069 3303 rem
2112 3237 2314 3319 ipsam
2361 3238 2689 3320 adgredia-

547 3374 712 3435 mur,
771 3354 1102 3420 dicendum
1157 3374 1294 3421 esse
1351 3354 1635 3421 existimo
1650 3404 1666 3436 ‚
1724 3372 1845 3436 quo
1889 3352 2075 3418 modo
2133 3353 2213 3419 de
2259 3373 2326 3419 re
2371 3354 2692 3447 proposita

551 3468 864 3553 disputare
896 3471 1101 3536 velim.
1173 3469 1699 3553 breviloquentiae
1747 3469 1912 3534 enim
1959 3489 2151 3535 causa
2197 3470 2582 3535 substantiva
2629 3474 2691 3535 et

549 3584 843 3650 attributa
894 3585 1110 3651 litteris
1154 3586 1242 3650 ita
1286 3584 1647 3668 significabo
1658 3634 1675 3667 ,
1735 3590 1802 3649 ut
1859 3585 2029 3667 prius
2088 3586 2541 3651 substantivum
2599 3586 2692 3651 lit-

547 3706 683 3767 tera
711 3701 787 3785 A,
835 3702 1192 3766 attributum
1235 3701 1405 3784 prius
1449 3701 1656 3766 littera
1700 3722 1757 3784 a,
1813 3701 2076 3767 alterum
2120 3702 2573 3768 substantivum
2614 3702 2689 3784 B,

550 3816 905 3881 attributum
960 3815 1223 3881 alterum
1279 3817 1319 3881 b
1375 3817 1670 3900 signetur.
1763 3836 1889 3899 qua
1932 3816 2120 3882 venia
2164 3836 2464 3883 concessa
2506 3816 2690 3882 facile

548 3930 857 4015 intellegis
889 3931 1215 3997 duodecim
1255 3931 1592 4015 figurarum
1630 3931 1951 3999 schemata
1980 3933 2143 3999 effici
2171 3952 2374 4016 posse.
2432 3952 2691 4015 quorum
