3000 4500
21 4071 30 4242 1

23 4327 32 4468 l

575 337 799 402 ..35-

243 530 401 614 Quidquid
429 531 468 598 de
496 532 556 599 illis
583 532 703 615 figuris,
731 530 897 613 inquibus
924 530 1118 596 substantiva
1140 531 1223 597 attri-

151 648 232 714 butis
261 653 497 731 postponuntur,
531 646 695 715 diosndum
724 666 793 714 esse
824 647 945 731 putavi,
978 646 1012 712 id
1039 667 1130 713 omne
1154 647 1224 732 jam

151 762 339 847 adouratius
362 769 396 828 ut
418 763 517 847 potui,
539 764 714 846 expositum
737 768 793 829 est.
840 763 986 846 exempla
1008 783 1083 831 vero
1105 763 1224 829 oiroiter

151 883 273 943 eentum
308 879 436 962 singulis
465 878 633 962 figurarum
661 878 827 962 generibus
855 900 876 944 a
902 879 990 944 nobis
1018 877 1116 944 allata
1143 885 1222 945 suut.

152 1014 241 1077 quae
261 1014 378 1077 genera
406 984 550 1060 libentius
578 994 697 1078 captari
719 1014 814 1076 quam
836 995 1023 1076 reliqua-rum
1046 995 1224 1079 figurarum,

150 1109 225 1175 inde
247 1110 443 1177 menifestum
466 1110 508 1193 fit,
532 1110 616 1192 quod
638 1112 671 1176 in
692 1110 753 1176 illis
774 1111 852 1176 alios
868 1131 990 1194 quoque
1006 1111 1225 1176 collocationes

151 1232 247 1308 poeta
268 1225 356 1309 sequi
378 1227 490 1310 potuit,
514 1227 546 1291 in
569 1227 695 1309 reliquis
717 1247 878 1310 nunquam
901 1196 991 1310 hano,
1015 1226 1055 1292 de
1079 1247 1143 1310 qua
1165 1226 1226 1292 dis-

151 1342 338 1424 putavimus,
362 1343 474 1411 seriem
489 1343 590 1407 minus
605 1341 797 1425 probandam
814 1362 884 1409 esse
899 1342 1096 1408 existimavit.
1129 1342 1225 1407 multo

152 1456 267 1524 deinde
289 1458 390 1525 minor
412 1464 459 1524 ost
481 1477 626 1543 numems
642 1458 854 1541 exemplorum
869 1457 987 1541 figurae
1002 1458 1093 1541 illius,
1115 1457 1148 1522 in
1163 1475 1227 1540 qua

213 1657 253 1733 11.
294 1655 395 1757 prius
424 1656 684 1735 substantivum
711 1656 934 1757 alterumque
961 1655 1172 1734 attributum

547 1789 837 1892 praemittuntur.

243 1966 338 2032 quam
360 1948 559 2031 frequentius,
582 1954 616 2013 ut
639 1947 838 2032 ostendimus,
861 1948 1001 2014 Catullus
1024 1954 1151 2033 captare
1173 1969 1227 2033 po·

150 2065 220 2148 tuit,
243 2064 304 2129 nisi
326 2064 466 2147 superius
488 2083 588 2147 genus
611 2064 736 2129 omnino
759 2065 957 2147 praetulisset
978 2069 1010 2131 et
1032 2065 1080 2130 his
1102 2065 1228 2147 quidem

151 2181 186 2246 in
209 2180 365 2247 versibus:
394 2179 494 2244 LXII.
518 2182 571 2246 46.
600 2179 713 2245 LXIV.
740 2181 769 2244 7.
794 2182 847 2246 32.
873 2183 925 2246 39.
952 2182 1127 2247 129157.
1153 2183 1227 2247 172.

152 2299 230 2363 239.
249 2298 323 2362 242.
342 2298 417 2362 264.
435 2299 510 2362 332.
528 2298 603 2362 345.
621 2298 696 2361 351.
710 2298 786 2362 370.
808 2296 906 2362 LXV.
921 2298 950 2361 7.
970 2298 1022 2362 19.
1046 2297 1159 2364 LXVI.
1173 2299 1226 2363 33.

151 2412 300 2478 LXVIII.
318 2413 370 2478 67.
389 2412 462 2477 151.
496 2418 527 2477 et
549 2411 609 2477 hoo
632 2430 755 2494 quoque
777 2412 810 2476 in
832 2411 985 2495 particula
1006 2413 1138 2495 primum
1161 2413 1227 2493 qui-

12 2515 14 2574 !
151 2527 227 2593 dem
256 2526 396 2592 dieamus
424 2526 464 2593 de
492 2527 632 2594 versibus
659 2527 733 2609 illis,
762 2527 933 2608 inquibus
960 2529 1100 2594 membro
1127 2528 1229 2611 posita

151 2649 226 2713 sunt
249 2643 292 2708 ad
316 2662 456 2710 normam

507 2839 536 2892 a.
568 2820 694 2891 ordinis
719 2820 876 2908 paralleli.

249 2964 294 3030 illi
309 2963 383 3032 vero
401 2965 545 3031 versiculi
559 2967 657 3048 primo
673 2965 762 3031 nobis
778 2965 945 3048 colligendi
960 2973 1057 3049 erunt,
1072 2967 1105 3031 in
1120 2965 1230 3050 quibus

231 3147 261 3209 1.
297 3163 457 3211 caesura
484 3149 569 3226 post
596 3145 701 3227 prius
728 3144 1008 3211 substantivum
1035 3145 1158 3212 looum

402 3269 403 3272 ’
591 3260 798 3344 oooupavit

596 3391 795 3482 Alban.

247 3528 335 3615 enjus
357 3531 476 3613 figurae
499 3529 644 3612 exempla
666 3529 746 3595 haee
767 3526 979 3595 inveniuntur:

264 3664 366 3721 LXIV.
376 3666 419 3720 46.
439 3664 512 3719 Tota
524 3666 622 3720 domus
635 3664 738 3733 gaudet
750 3665 837 3732 regali
847 3665 994 3733 splendida
1002 3678 1081 3732 gaza.
1094 3664 1156 3723 282.
1168 3665 1231 3722 379.

155 3779 217 3845 hoo
244 3779 278 3844 in
304 3800 420 3863 genero
450 3779 596 3860 alteram,
631 3777 670 3845 de
704 3797 767 3860 qua
795 3777 943 3864 deinoeps
972 3779 1137 3847 dicendum
1166 3781 1232 3865 ent,

156 3896 321 3981 rationem,
334 3896 478 3978 quamvis
493 3893 687 3961 hemistichia
701 3895 812 3961 melius
827 3894 1046 3982 conjunxisset,
1065 3896 1232 3980 repudians

158 4010 301 4077 Catullus
323 4012 457 4078 seribere
480 4012 588 4077 noluIt:

202 4135 413 4206 1111111282.
437 4136 524 4205 Aura
546 4137 628 4221 parit
649 4132 746 4224 tepidi
769 4134 861 4208 flores
882 4135 1018 4210 seeundo
1040 4137 1162 4204 Favoni

429 4295 433 4302 .
1037 4245 1073 4302 3*
