3000 4500
485 221 810 307 .“''7'‘

174 416 354 498 quaestione
382 421 487 481 nostra
513 415 710 482 tribuendum
737 417 789 499 sit,
820 421 1010 500 quantopere
1038 416 1099 482 hac
1125 416 1244 483 ratione

174 536 317 613 quattuor
343 532 512 614 figurarum
539 531 731 613 singularum
758 532 922 597 verborum
949 533 1045 598 series
1073 532 1177 614 aliqua
1204 552 1245 596 ex

175 651 263 728 parte
290 646 468 712 destinetur.
515 666 577 712 non
604 646 693 711 alitor
719 666 786 712 rem
817 666 886 712 sese
909 646 1025 712 habere
1047 647 1245 714 manifestum

175 765 221 826 est
243 761 275 825 in
298 761 394 826 altero
418 761 562 826 versiculi
578 760 751 827 hexametri
767 761 899 844 elegiaci
913 761 1116 827 hemistichio.
1152 781 1245 844 quam

173 875 236 940 late
259 880 366 958 pateat
392 876 425 940 in
446 881 608 959 poetamm
634 876 800 941 latinorum
827 876 970 960 operibus
997 876 1071 958 hoc,
1102 876 1186 958 quod
1213 877 1245 943 in

174 996 327 1055 certarum
355 1010 502 1056 versuum
534 990 656 1056 sedium
688 996 800 1056 natura
830 991 922 1057 situm
954 996 1015 1074 est,
1056 998 1246 1057 momentum

173 1110 261 1187 patet
281 1126 321 1172 ex
341 1106 396 1187 eis,
419 1126 500 1188 quae
522 1105 561 1171 de
576 1111 642 1171 tcta
661 1106 721 1171 hac
736 1107 917 1189 quaestione
932 1106 1084 1171 Antonius
1099 1106 1244 1188 Zingerle

175 1218 343 1303 disputavit
368 1221 401 1286 in
429 1220 635 1304 compluribus
662 1221 775 1286 libellis
797 1220 894 1308 (Ovid
917 1220 982 1286 und
1003 1221 1070 1287 sein
1092 1220 1245 1287 verhaelt·

174 1336 239 1400 niss
271 1354 309 1400 zu
343 1335 405 1401 den
436 1357 651 1420 vorgaengern
685 1335 750 1401 und
783 1336 1019 1420 gleichzeitigen
1051 1336 1245 1402 roemIsohen

175 1450 324 1517 dichtem.
352 1454 581 1518 laos-1871.
616 1472 654 1516 zu
678 1451 740 1517 den
762 1457 927 1534 spaeteren
943 1450 1145 1516 lateinischen
1162 1450 1246 1516 dich-

174 1571 252 1631 tern.
286 1564 397 1652 1872.)
431 1566 534 1649 itaque
569 1573 602 1631 ut
635 1566 678 1631 ad
712 1566 868 1632 Catullum
901 1565 1080 1649 redeamus,
1120 1567 1246 1632 minime

175 1681 364 1773 omittamus,
398 1688 548 1763 quantum
575 1683 608 1746 In
635 1683 801 1765 exemplis,
836 1702 916 1764 quae
949 1681 1030 1746 infra
1057 1682 1245 1764 colligemus,

174 1802 343 1862 metrorum
377 1804 533 1863 momento
561 1797 757 1863 tribuendum
784 1798 832 1862 sit.
880 1802 1018 1861 attamen
1050 1816 1113 1861 non
1147 1796 1247 1861 solum

174 1911 253 1978 haec
281 1911 384 1994 metri,
419 1918 453 1976 ut
481 1913 525 1977 ita
552 1910 668 1994 dicam,
702 1917 841 1995 potestas
870 1910 1066 1994 respicienda
1096 1918 1156 1994 est,
1191 1910 1248 1977 sed

176 2027 297 2093 accedit
320 2004 413 2093 etiam
436 2027 571 2093 studium
594 2027 720 2110 aliquod
742 2034 914 2111 poetarum,
937 2026 1020 2111 quod
1042 2028 1074 2092 in
1088 2027 1247 2110 permultis

175 2143 325 2225 exemplis
349 2142 537 2208 demonstari
557 2144 679 2226 poterit.
726 2142 809 2226 quod
831 2142 967 2208 studium
993 2143 1129 2225 exempli
1151 2162 1247 2207 causa

173 2260 206 2323 in
228 2258 407 2324 hexametro
431 2258 586 2343 dactylico
609 2264 641 2324 et
663 2258 705 2323 ad
728 2260 865 2341 quintum
890 2266 921 2324 et
936 2259 978 2323 ad
993 2260 1127 2341 reliquos
1148 2258 1247 2341 pedes

173 2375 315 2456 pertinet.
361 2373 435 2456 quid
464 2373 540 2440 mihi
568 2372 662 2439 velim
696 2373 848 2456 exempIIs
880 2373 1035 2438 nonnullis
1069 2372 1247 2438 adcuratius

174 2488 337 2555 ostendere
366 2489 467 2554 licoat.
513 2510 587 2553 nam
620 2489 647 2553 si
681 2487 792 2555 eodem
826 2488 859 2552 in
886 2490 1038 2554 versiculo
1072 2489 1246 2571 complures

173 2605 336 2669 verborum
363 2604 481 2669 formae
510 2603 552 2668 ad
581 2602 740 2687 dactylum
762 2601 958 2668 formandum
985 2602 1100 2669 idonea
1128 2607 1244 2684 extant,

173 2725 267 2803 poeta
296 2725 349 2784 aut
376 2718 435 2784 hac
463 2725 518 2784 aut
544 2718 599 2783 illa
625 2720 658 2783 in
679 2717 762 2801 pede
790 2718 895 2800 quinto
919 2719 963 2783 uti
985 2718 1084 2800 potuit
1106 2718 1191 2784 velut
1213 2718 1246 2782 in

173 2835 222 2899 his
245 2833 365 2900 duobus
387 2835 559 2900 versiculis:

280 2978 380 3033 LXIV.
393 2981 454 3034 321.
480 2979 558 3034 Talia
577 2978 673 3034 divino
692 2976 826 3033 fuderunt
843 2979 964 3033 carmine
982 2976 1041 3033 fata

280 3067 380 3123 LXIV.
394 3069 418 3122 7.
444 3068 562 3123 Caerula
580 3072 723 3123 verrentes
742 3067 872 3133 abiegnis
891 3083 1013 3136 aequora
1030 3067 1129 3135 palmis

104 3163 114 3182 ⁶
173 3203 276 3248 nonne
307 3183 415 3265 quaeri
446 3188 478 3247 et
506 3186 609 3264 potest
638 3187 670 3247 et
700 3180 806 3263 debet,
837 3200 899 3264 qua
926 3201 961 3248 re
987 3181 1103 3247 factum
1129 3183 1180 3264 sit,
1213 3188 1247 3246 ut

174 3304 267 3380 poeta
289 3297 419 3379 formas,
443 3317 524 3379 quae
547 3303 619 3361 sunt
643 3296 809 3380 „carmine²
832 3294 987 3380 aequora“
1013 3296 1046 3360 in
1068 3296 1129 3362 fine
1152 3297 1246 3362 versi·

174 3414 235 3478 culi
257 3434 373 3497 ponere
396 3413 511 3496 mallet,
535 3433 628 3495 quam
651 3412 809 3496 adjectiva
835 3411 938 3495 „talia
962 3412 1134 3478 caerula“?
1163 3412 1247 3495 quod

174 3529 201 3593 si
222 3529 355 3611 fecisset,
378 3528 410 3592 in
430 3529 531 3610 priore
546 3527 698 3593 versiculo
721 3527 881 3593 habuisset
903 3527 1136 3594 collocationem
1158 3534 1247 3592 natu-

175 3644 281 3726 ralem,
293 3645 325 3708 in
337 3645 435 3710 altero
451 3643 545 3708 aliam
556 3643 688 3724 figuram
702 3642 898 3708 artificiosam
910 3642 1110 3709 adhibuisset.
1133 3643 1246 3710 deinde

174 3764 208 3823 ut
229 3758 321 3844 hujus
344 3760 389 3825 rei
411 3764 615 3839 momentum,
644 3756 728 3840 quod
755 3756 797 3821 ad
824 3756 958 3841 rehquos
983 3756 1082 3839 pedes
1104 3752 1246 3840 p'erlinet,

174 3874 296 3958 longius
318 3894 549 3957 persequamur,
572 3872 624 3955 qui
646 3872 763 3938 factum
785 3876 833 3937 est
854 3877 888 3936 ut
910 3872 942 3935 in
964 3872 1116 3938 versiculo
1138 3870 1215 3936 hoc:

282 4007 409 4065 LXVIII.
424 4011 484 4065 151.
510 4009 551 4064 Ne
571 4013 694 4065 vestrum
713 4007 813 4064 scabra
830 4012 929 4077 tangat
946 4007 1082 4077 rubigene
1101 4022 1201 4065 nomeu
