3000 4500
598 236 822 302 ..47-

171 433 388 517 exemplorum
414 452 542 500 numero
573 433 800 499 demonstratur
822 431 879 498 sed
901 431 996 497 etiarn
1018 430 1091 497 inde
1114 430 1247 513 adparet

171 549 257 632 quod
278 550 336 615 has
359 549 578 615 collocationes
600 549 723 614 vitavit:

217 691 301 755 LXI.
320 693 372 756 32.
397 689 463 757 Sed
485 691 550 756 eari
571 690 674 756 fratris
697 690 800 757 flebile
823 690 988 756 discidium

217 806 395 872 LXXVIII.
411 808 442 871 4.
467 806 546 871 Oum
569 806 650 872 bello
673 813 707 870 ut
728 825 825 888 puero
848 805 932 872 bella
953 805 1060 889 puella
1082 806 1182 872 cubet.

264 973 321 1042 seo
344 974 493 1058 quidquid
516 974 556 1040 oe

360 1219 417 1301 Π.
452 1216 698 1319 figurarum
726 1216 1069 1303 ontffloioserurn

170 1421 238 1484 usu,
261 1400 361 1483 qualis
383 1400 476 1466 estin
491 1400 680 1466 hexametris
695 1399 866 1486 deetyliois‚
889 1402 1073 1486 Invenimus,
1096 1401 1129 1467 id
1152 1423 1244 1468 omne

170 1517 287 1601 pariter
315 1517 409 1582 etiam
437 1516 478 1583 de
507 1516 695 1583 hexametris
722 1517 869 1601 elegiacis
898 1517 1064 1584 dicendum
1092 1525 1148 1584 est.
1195 1518 1246 1582 hie

172 1652 296 1717 quoque
318 1634 467 1716 pleraque
491 1633 636 1716 exempla
658 1639 730 1699 sunt
753 1634 861 1699 elassis
883 1634 972 1718 illius,
995 1633 1027 1699 in
1050 1654 1113 1718 qua

308 1863 347 1935 l.
387 1857 609 1936 substantivo
636 1856 819 1935 attributis
848 1863 1115 1958 postponuntur

174 2054 238 2099 una
252 2040 371 2100 tanturn
387 2034 473 2100 haud
489 2035 553 2100 seio
568 2055 610 2099 en
625 2053 779 2100 reversus
794 2033 951 2117 elegiaous
966 2033 1098 2109 differat.
1123 2034 1247 2117 saepius

174 2151 256 2215 enim
279 2149 329 2215 hio
351 2170 481 2216 eaesura
503 2156 574 2234 post
589 2151 720 2215 altorum
735 2149 853 2233 figurae
870 2149 1055 2214 vocabulum
1070 2169 1163 2231 quam
1177 2155 1248 2232 post

173 2267 306 2349 primum
320 2267 484 2333 invenitin.
520 2266 603 2350 quod
626 2272 738 2332 natura
761 2285 869 2331 versus
891 2265 987 2349 ipsius
1011 2266 1155 2331 effoetum
1179 2285 1247 2332 5555

174 2382 249 2447 milri
272 2381 404 2451 videtur.
450 2383 507 2450 sed
530 2388 564 2448 ut
586 2381 628 2448 ed
651 2382 775 2465 singule
798 2381 985 2447 aooedemus

535 2596 565 2649 a.
595 2575 719 2648 ordinis
744 2576 891 2663 paralleli

178 2742 319 2788 normam
341 2727 373 2787 et
395 2720 439 2787 ite
462 2720 588 2803 quidem
611 2726 645 2785 ut

275 2920 303 2982 1.
334 2937 493 2984 caesura
515 2922 600 3001 post
622 2916 726 3001 prius
749 2915 975 2983 attributum
998 2922 1162 3000 ponetur

621 3083 641 3122 a
660 3057 702 3146 lt
725 3060 758 3124 A
781 3061 813 3124 B

177 3203 211 3270 in
231 3202 280 3269 hIs
301 3202 461 3270 versieulis
483 3208 577 3286 poeta
599 3202 788 3268 Veronensis
811 3208 937 3269 seoutus
960 3207 1020 3268 est:

285 3348 371 3403 LXV.
384 3349 427 3404 24.
447 3347 519 3402 Huie
537 3351 629 3403 manat
647 3345 719 3401 tristi
739 3347 867 3403 conscius
881 3362 928 3401 ore
939 3347 1031 3403 rubor.
1051 3344 1178 3401 LXVIII.
1190 3348 1250 3403 110.

392 3525 423 3589 2.
457 3543 620 3591 oaesura
641 3524 680 3590 in
701 3522 825 3590 medio
848 3524 1039 3590 collocata

622 3689 642 3729 a
663 3666 681 3729 6
701 3663 706 3753 Ι
727 3666 758 3729 A
781 3666 812 3729 B

178 3805 239 3876 hae
261 3808 380 3894 figurae
404 3808 535 3876 effectae
558 3814 643 3873 sunt:

286 3952 373 4008 LXV.
384 3955 426 4010 12.
441 3953 558 4022 Semger
571 3952 736 4007 meostetua
749 3951 871 4005 earmina
882 3956 970 4007 morte
980 3966 1087 4006 canam.
1101 3950 1252 4007 LXVI58.

339 4041 465 4099 LXVIII.
486 4044 529 4099 62.
551 4043 594 4098 70.
615 4043 676 4097 120.
697 4041 839 4096 136146.
864 4040 993 4096 LXXVI.
1011 4042 1037 4095 4.
1063 4040 1136 4096 clx.
1156 4044 1181 4096 6.
