3000 4500
537 358 777 422 :ure-eslii}
825 356 989 438 quod
1033 356 1355 422 collocatio
1400 355 1587 441 hujus
1631 356 2204 441 modibartificiosa,
2271 364 2337 424 ut
2382 378 2570 442 supra
2613 359 2681 425 in

541 498 721 538 raram
773 478 789 538 Ι
797 474 1052 539 ,ΚἯῙΈ
1102 475 1181 539 16
1239 472 1648 556 ostendimuS,
1713 474 1963 541 minime
2028 475 2275 540 omnino
2340 497 2380 540 a
2436 475 2680 542 Catullo

541 594 725 654 rit-ata
797 594 907 654 cst.
1005 589 1144 673 jam
1204 593 1396 655 restat
1459 595 1527 654 ut
1592 594 1875 671 quartam
1937 591 2200 656 classem
2264 590 2681 674 absolvamuS,

541 730 601 770 lu
649 730 769 790 qua

785 986 861 1060 n.
938 982 1382 1061 substantiva
1439 982 1809 1061 attributis
1857 939 2438 1084 praemittuntur.

725 1190 845 1250 qua
886 1170 953 1234 in
998 1189 1066 1235 re
1114 1166 1239 1234 duo
1283 1168 1575 1250 exempla
1620 1167 1827 1233 afferri
1871 1175 2156 1251 possunt:

761 1313 953 1367 LXVI.
986 1316 1072 1369 66.
1113 1313 1350 1366 Lumina
1388 1311 1621 1368 Callisto
1652 1310 1850 1380 juncta
1887 1313 2197 1381 Lycaoniae

761 1402 983 1457 LXVII.
1009 1402 1098 1457 34.
1140 1400 1326 1454 Brixia
1361 1400 1617 1456 Veronae
1654 1406 1830 1454 mater
1866 1406 2047 1454 amata
2081 1416 2238 1456 meae

545 1530 601 1590 iu
669 1530 865 1606 prim-fl
928 1525 1080 1591 ordo
1137 1499 1504 1607 parallelus,
1573 1524 1913 1589 contrarius
1969 1525 2029 1589 in
2086 1524 2280 1590 altero
2337 1523 2684 1591 adhibetur.

545 1666 797 1706 cassura
861 1641 956 1706 ¹hic
1011 1647 1152 1724 post
1203 1640 1496 1722 primam,
1555 1638 1639 1704 ibi
1685 1644 1824 1722 post
1875 1640 2139 1705 alteram
2185 1640 2422 1722 figurae
2469 1660 2686 1706 vocem

545 1758 841 1822 mllfflfata
897 1764 1009 1823 est.
1102 1762 1389 1840 quattuor
1444 1760 1652 1821 autem
1707 1756 2120 1822 membrorum
2177 1756 2566 1822 coacervatio
2621 1758 2687 1823 in

545 1878 737 1938 all-cru
785 1874 871 1938 sic
917 1874 1137 1939 evitari
1181 1877 1455 1955 poterat:

641 2018 741 2078 1AE
753 2015 918 2078 vm.
953 2016 1058 2079 34.
1107 2014 1307 2079 Mater
1350 2015 1640 2080 Veronae
1686 2014 1899 2078 Brixia
1945 2019 2156 2078 amata
2200 2034 2382 2080 meae

545 2178 918 2239 quamquam
963 2157 1026 2221 in
1071 2162 1329 2238 utroque
1361 2176 1547 2222 versu
1591 2157 1996 2240 participium,
2045 2156 2212 2238 quod
2242 2162 2337 2222 est
2371 2158 2686 2241 „amata“,

545 2275 769 2355 duplici
821 2275 1052 2339 ratione
1098 2273 1394 2359 conjungi
1439 2279 1662 2357 potest.

725 2419 898 2495 [Quae
943 2436 1132 2499 quum
1175 2417 1264 2480 ita
1308 2436 1446 2482 sese
1491 2415 1783 2499 habeant,
1829 2416 2106 2498 quaestio
2145 2422 2357 2482 nostra
2387 2416 2467 2483 de
2497 2419 2687 2485 versi-

549 2535 657 2599 bus
701 2552 942 2615 quoque
987 2531 1363 2598 hexametris
1410 2532 1707 2615 elegiacis
1754 2530 1839 2597 ad
1884 2531 2069 2597 finem
2099 2530 2403 2613 perducta
2433 2538 2545 2599 est.
2605 2554 2686 2600 ex

541 2651 757 2731 quihus
861 2668 1045 2731 quum
1107 2648 1397 2731 exempla
1460 2648 1712 2730 triginta
1771 2667 1883 2712 sex
1948 2646 2294 2713 exscribere
2360 2649 2685 2732 possimus,

541 2787 769 2827 mnium
801 2784 1103 2847 quemque
1151 2784 1191 2828 a
1223 2763 1465 2830 Catullo
1515 2762 1597 2827 ad
1643 2782 1924 2828 normam
1972 2762 2245 2843 aliquam
2289 2763 2685 2829 artificiosam

541 2883 868 2944 fan-matum
900 2899 1038 2945 esse
1069 2877 1266 2945 videS.
1335 2878 1501 2961 quod
1531 2899 1682 2945 vero
1729 2876 1812 2942 ad
1845 2878 2075 2960 figuras
2120 2878 2397 2961 singulas
2446 2880 2679 2963 attinet,

541 2995 809 3063 sandei-11
853 2996 1216 3061 electionem
1270 3000 1456 3077 atque
1500 2995 1567 3059 in
1612 2993 1891 3060 versibus
1936 2992 2312 3059 hexametris
2360 2993 2683 3079 dactylicis

541 3135 593 3195 p*
609 3123 785 3175 netum
821 3112 1243 3176 Veronensem
1288 3116 1568 3176 secutum
1609 3129 1747 3175 esse
1789 3109 2162 3175 intellexisti.
2229 3108 2457 3176 deinde
2507 3130 2685 3193 prae-

541 3231 871 3291 tffll'littfflc
926 3247 1051 3292 non
1105 3245 1383 3308 possum,
1441 3227 1588 3307 quin
1642 3224 1759 3290 hoc
1805 3226 1942 3290 loco
1990 3226 2178 3291 etiam
2221 3245 2335 3307 per
2382 3224 2685 3291 distichon

541 3351 825 3427 [sumtum
857 3343 1090 3425 figurae
1121 3341 1427 3408 vocabula
1458 3362 1498 3405 a
1532 3340 1775 3405 Catullo
1821 3340 2147 3406 artificiose
2194 3339 2498 3423 producta
2544 3361 2683 3408 esse

541 3459 769 3523 addam
837 3456 1003 3523 velut
1060 3457 1126 3521 in
1184 3455 1282 3521 his
1338 3456 1651 3522 versibus:
1743 3455 1967 3521 LXVI.
2022 3455 2103 3521 15
2123 3458 2323 3521 -16.
2391 3456 2681 3521 LXVIII.

541 3575 821 3635 ffi—-sa
869 3570 1190 3637 LXXVII.
1225 3571 1421 3636 5-6,
1452 3571 1645 3635 7-8.
1689 3570 1953 3634 LXXX.
1985 3571 2177 3636 7—8.
2225 3570 2681 3635 LXXXXVII.

543 3691 737 3751 ῗ-Η.

717 3831 900 3895 Hisce
955 3830 1234 3895 omnibus
1291 3829 1442 3895 satis
1491 3829 1629 3915 jam
1687 3826 2065 3911 disputatum
2122 3847 2260 3894 csse
2318 3848 2543 3894 censeo
2601 3828 2681 3895 de

537 3947 817 4011 ‘versibus
879 3944 1256 4014 hexametris
1321 3961 1384 4013 et
1444 3944 1766 4031 dactylicis
1828 3950 1893 4011 et
1947 3944 2269 4027 elegiacis,
2337 3944 2401 4010 in
2461 3944 2681 4027 quibus
